% ############
% ############
% ############
% ############
% ############ Introdução
% ############
% ############
% ############
% ############


%%%%%%%%%%%%%%
%  Assessing bank efficiency and performance with operational research and artificial intelligence techniques: A survey
%%%%%%%%%%%%%%
@article{fethi2010assessing,
  title={Assessing bank efficiency and performance with operational research and artificial intelligence techniques: A survey},
  author={Fethi, Meryem Duygun and Pasiouras, Fotios},
  journal={European journal of operational research},
  volume={204},
  number={2},
  pages={189--198},
  year={2010},
  publisher={Elsevier}
}
% --------------------------------------------------------


%%%%%%%%%%%%%%
%  Eficiência do Setor Bancário Brasileiro: Modelo DEA Dois Estágios com Regressão Truncada Bootstrapped
%%%%%%%%%%%%%%
@article{henriques2019eficiencia,
  title={Efici{\^e}ncia do setor banc{\'a}rio brasileiro: modelo DEA dois est{\'a}gios com regress{\~a}o truncada bootstrapped},
  author={Henriques, Iago Cotrim},
  year={2019}
}
% --------------------------------------------------------


%%%%%%%%%%%%%%
%  RESENHA: Sistema financeiro, bancos e financiamento da economia: uma abordagem keynesiana
%%%%%%%%%%%%%%
@misc{alencar2014sistema,
  title={Sistema financeiro, bancos e financiamento da economia: uma abordagem keynesiana},
  author={Alencar, Douglas Alcantara},
  year={2014},
  publisher={SciELO Brasil}
}
% --------------------------------------------------------


%%%%%%%%%%%%%%
%  RESENHA: Sistema financeiro, bancos e financiamento da economia: uma abordagem keynesiana
%%%%%%%%%%%%%%
@misc{oliveira2014paula,
  title={Paula, Luiz Fernando de. Sistema Financeiro, Bancos e Financiamento da Economia: uma abordagem keynesiana. Rio de Janeiro: Elsevier, 2014},
  author={Oliveira, Giuliano Contento de},
  year={2014},
  publisher={SciELO Brasil}
}
% --------------------------------------------------------


%%%%%%%%%%%%%%
%  Financiamento, crescimento econômico e funcionalidade do sistema financeiro: uma abordagem pós-keynesiana
%%%%%%%%%%%%%%
@article{paula2013financiamento,
  title={Financiamento, crescimento econ{\^o}mico e funcionalidade do sistema financeiro: uma abordagem p{\'o}s-keynesiana},
  author={Paula, Luiz Fernando de},
  journal={Estudos Econ{\^o}micos (S{\~a}o Paulo)},
  volume={43},
  number={2},
  pages={363--396},
  year={2013},
  publisher={SciELO Brasil}
}
% --------------------------------------------------------


%%%%%%%%%%%%%%
%  RESENHA: Sistema financeiro, bancos e financiamento da economia: uma abordagem keynesiana
%%%%%%%%%%%%%%
@misc{terra2014sistema,
  title={Sistema financeiro, bancos e financiamento da economia: uma abordagem keynesiana},
  author={Terra, F{\'a}bio Henrique Bittes},
  year={2014},
  publisher={SciELO Brasil}
}
% --------------------------------------------------------

% Farrel 1957

@article{farrell1957measurement,
  title={The measurement of productive efficiency},
  author={Farrell, Michael James},
  journal={Journal of the Royal Statistical Society: Series A (General)},
  volume={120},
  number={3},
  pages={253--281},
  year={1957},
  publisher={Wiley Online Library}
}

% Charnes-Cooper-Rhodes (1978)
@article{charnes1978measuring,
  title={Measuring the efficiency of decision making units},
  author={Charnes, Abraham and Cooper, William W and Rhodes, Edwardo},
  journal={European journal of operational research},
  volume={2},
  number={6},
  pages={429--444},
  year={1978},
  publisher={North-Holland}
}

% Banker, Charnes e Cooper (1982)
@article{banker1984some,
  title={Some models for estimating technical and scale inefficiencies in data envelopment analysis},
  author={Banker, Rajiv D and Charnes, Abraham and Cooper, William Wager},
  journal={Management science},
  volume={30},
  number={9},
  pages={1078--1092},
  year={1984},
  publisher={INFORMS}
}

% Hassan (2006)

@article{hassan2006x,
  title={The X-efficiency in Islamic banks},
  author={Hassan, Kabir M},
  journal={Islamic economic studies},
  volume={13},
  number={2},
  year={2006}
}

% Hassan (2016)
@article{othman2016data,
  title={Data envelopment analysis: A tool of measuring efficiency in banking sector},
  author={Othman, Filzah Mohamed and Mohd-Zamil, Nor Aiza and Rasid, Siti Zaleha Abdul and Vakilbashi, Amin and Mokhber, Mozhdeh},
  journal={International Journal of Economics and Financial Issues},
  volume={6},
  number={3},
  year={2016},
  publisher={Econjournals}
}

% Koopmans (1952)
@article{koopmans1951analysisofproductionasanefficientcombinationofactivities,
  title={Analysisofproductionasanefficientcombinationofactivities},
  author={Koopmans, TC},
  journal={Activityanalysisofproductionandallocation, TC Koopmans, editor, Wiley, New York},
  year={1951}
}

% Debreu (1951)
@article{debreu1951coefficient,
  title={The coefficient of resource utilization},
  author={Debreu, Gerard},
  journal={Econometrica: Journal of the Econometric Society},
  pages={273--292},
  year={1951},
  publisher={JSTOR}
}

% Farrell (1957)
@article{farrell1957measurement,
  title={The measurement of productive efficiency},
  author={Farrell, Michael James},
  journal={Journal of the Royal Statistical Society: Series A (General)},
  volume={120},
  number={3},
  pages={253--281},
  year={1957},
  publisher={Wiley Online Library}
}

% ############
% ############
% ############
% ############
% ############ Tipos de Eficiência
% ############
% ############
% ############
% ############


%%%%%%%%%%%%%%
%  The efficiency of financial institutions: A review and preview of research past, present, and future*
%%%%%%%%%%%%%%
@article{berger1993efficiency,
  title={The efficiency of financial institutions: A review and preview of research past, present and future},
  author={Berger, Allen N and Hunter, William C and Timme, Stephen G},
  journal={Journal of Banking \& Finance},
  volume={17},
  number={2-3},
  pages={221--249},
  year={1993},
  publisher={North-Holland}
}
% --------------------------------------------------------


%%%%%%%%%%%%%%
%  AVALIAÇÃO DA EFICIÊNCIA E IDENTIFICAÇÃO DOS FATORES DETERMINANTES DA EFICIÊNCIA DO SETOR BANCÁRIO EM PORTUGAL
%%%%%%%%%%%%%%
@article{martins2012avaliaccao,
  title={Avalia{\c{c}}{\~a}o da efici{\^e}ncia e identifica{\c{c}}{\~a}o dos fatores determinantes da efici{\^e}ncia do setor banc{\'a}rio em Portugal},
  author={Martins, Ana Isabel Rita},
  year={2012}
}
% --------------------------------------------------------


%%%%%%%%%%%%%%
%  Economia da Estrategia - Besanko 
%%%%%%%%%%%%%%
@book{besanko2018economia,
  title={A Economia da Estrat{\'e}gia-5},
  author={Besanko, David and Dranove, David and Shanley, Mark and Schaefer, Scott},
  year={2018},
  publisher={Bookman Editora}
}
% --------------------------------------------------------


%%%%%%%%%%%%%%
%  Economia industrial: fundamentos teóricos e práticas no Brasil. 
%%%%%%%%%%%%%%
@book{kupfer2013economia,
  title={Economia industrial: fundamentos te{\'o}ricos e pr{\'a}ticas no Brasil},
  author={Kupfer, David and Hasenclever, Lia},
  year={2013},
  publisher={Elsevier}
}
% --------------------------------------------------------


% ############
% ############
% ############ Eficiência vs. Produtividade
% ############
% ############


%%%%%%%%%%%%%%
%  Introduction to Data Envelopment Analysis and Its Uses
%%%%%%%%%%%%%%

@book{cooper2006introduction,
  title={Introduction to data envelopment analysis and its uses: with DEA-solver software and references},
  author={Cooper, William W and Seiford, Lawrence M and Tone, Kaoru},
  year={2006},
  publisher={Springer Science \& Business Media}
}
% --------------------------------------------------------



%%%%%%%%%%%%%%
%  Dinâmica da Produtividade e Eficiência dos Gastos na Educação dos Municípios Goianos
%%%%%%%%%%%%%%
@article{rosano2012dinamica,
  title={Din{\^a}mica da produtividade e efici{\^e}ncia dos gastos na educa{\c{c}}{\~a}o dos munic{\'\i}pios goianos},
  author={Rosano-Pe{\~n}a, Carlos and Albuquerque, Pedro Henrique Melo and Daher, Cec{\'\i}lio Elias},
  journal={Revista de Administra{\c{c}}{\~a}o Contempor{\^a}nea},
  volume={16},
  number={6},
  pages={845--865},
  year={2012},
  publisher={SciELO Brasil}
}
% --------------------------------------------------------


% ############
% ############
% ############ Conceito de Eficiência
% ############
% ############


%%%%%%%%%%%%%%
%  Eficiência do Setor Bancário Brasileiro: Modelo DEA Dois Estágios com Regressão Truncada Bootstrapped
%%%%%%%%%%%%%%
@article{henriques2019eficiencia,
  title={Efici{\^e}ncia do setor banc{\'a}rio brasileiro: modelo DEA dois est{\'a}gios com regress{\~a}o truncada bootstrapped},
  author={Henriques, Iago Cotrim},
  year={2019}
}
% --------------------------------------------------------



%%%%%%%%%%%%%%
%  An eponymous dictionary of economics: A guide to laws and theorems named after economists
%%%%%%%%%%%%%%
@book{segura2004eponymous,
  title={An eponymous dictionary of economics: A guide to laws and theorems named after economists},
  author={Segura, Julio and Braun, Carlos Rodr{\'\i}guez},
  year={2004},
  publisher={Edward Elgar Publishing}
}
% --------------------------------------------------------

%%%%%%%%%%%%%%
%  Análise da eficiência de empresas de comércio eletrônico usando técnicas da análise envoltória de dados
%%%%%%%%%%%%%%
@article{guerreiro2006analise,
  title={An{\'a}lise da efici{\^e}ncia de empresas de com{\'e}rcio eletr{\^o}nico usando t{\'e}cnicas da an{\'a}lise envolt{\'o}ria de dados},
  author={GUERREIRO, Alexandra dos Santos},
  journal={Rio de Janeiro},
  volume={90},
  year={2006}
}
% --------------------------------------------------------

%%%%%%%%%%%%%%
%  Advanced robust and nonparametric methods in efficiency analysis: Methodology and applications
%%%%%%%%%%%%%%
@book{daraio2007advanced,
  title={Advanced robust and nonparametric methods in efficiency analysis: Methodology and applications},
  author={Daraio, Cinzia and Simar, Leopold},
  year={2007},
  publisher={Springer Science \& Business Media}
}


@article{casado2007analise,
  title={An{\'a}lise envolt{\'o}ria de dados: conceitos, metodologia e estudo da arte na educa{\c{c}}{\~a}o superior},
  author={Casado, Frank Leonardo},
  journal={Revista Sociais e Humanas},
  volume={20},
  number={1},
  pages={59--71},
  year={2007}
}


% pareto (1927)
@misc{pareto1927manuel,
  title={Manuel d'Economie politique, 2 e {\'e}dition},
  author={Pareto, V },
  year={1927},
  publisher={Paris}
}


@article{delis2009evaluating,
  title={Evaluating cost and profit efficiency: a comparison of parametric and nonparametric methodologies},
  author={Delis, Manthos D and Koutsomanoli-Fillipaki, Anastasia and Staikouras, Christos K and Katerina, Gerogiannaki},
  journal={Applied Financial Economics},
  volume={19},
  number={3},
  pages={191--202},
  year={2009},
  publisher={Taylor \& Francis}
}



% ############
% ############
% ############
% ############
% ############ Papel da Eficiência no setor bancário
% ############
% ############
% ############
% ############


%%%%%%%%%%%%%%
%  Efficiency and Competition in the Malaysian Banking Market: Foreign versus Domestic Banks
%%%%%%%%%%%%%%
@article{ab2017efficiency,
  title={Efficiency and competition in the Malaysian banking market: foreign versus domestic banks},
  author={Ab-Rahim, Rossazana},
  journal={Gadjah Mada International Journal of Business},
  volume={19},
  number={2},
  pages={193--221},
  year={2017}
}
% --------------------------------------------------------

%%%%%%%%%%%%%%
%  EFFICIENCY AND COMPETITION IN CHINESE BANKING 
%%%%%%%%%%%%%%
@book{tan2016efficiency,
  title={Efficiency and competition in Chinese banking},
  author={Tan, Yong},
  year={2016},
  publisher={Chandos Publishing}
}
% --------------------------------------------------------

%%%%%%%%%%%%%%
%  Manual de Microeconomia
%%%%%%%%%%%%%%
@book{pindyck2013microeconomia,
  title={Microeconomia},
  author={Pindyck, Robert S and Rubinfeld, Daniel L and Rabasco, Esther},
  year={2013},
  publisher={Pearson Italia}
}
% --------------------------------------------------------

%%%%%%%%%%%%%%
% CONCENTRAÇÃO E COMPETIÇÃO BANCÁRIAS NO BRASIL Uma aplicação do Modelo Panzar-Rosse. 
%%%%%%%%%%%%%%
@phdthesis{silveira2017concentraccao,
  title={Concentra{\c{c}}{\~a}o e competi{\c{c}}{\~a}o banc{\'a}rias no Brasil: uma aplica{\c{c}}{\~a}o do Modelo Panzar-Rosse},
  author={Silveira, Pedro Paulo Bartolomei da},
  year={2017}
}
% --------------------------------------------------------

%%%%%%%%%%%%%%
%  Competition and Stability in Banking: The Role of Regulation and Competition Policy
%%%%%%%%%%%%%%
@book{xavier2016competition,
  title={COMPETITION AND STABILITY IN BANKING: The Role of Regulation and Competition Policy},
  author={XAVIER. Vives},
  year={2016},
  publisher={PRINCETON UNIVERSITY PRES}
}
% --------------------------------------------------------

%%%%%%%%%%%%%%
%  EFICIÊNCIA E COMPETIÇÃO BANCÁRIA NO BRASIL 
%%%%%%%%%%%%%%
@article{wichmann2006eficiencia,
  title={Efici{\^e}ncia e competi{\c{c}}{\~a}o banc{\'a}ria no Brasil},
  author={Wichmann, Bruno Moreira},
  year={2006}
}
% --------------------------------------------------------

%%%%%%%%%%%%%%
%  Allocative Efficiency versus X-Efficiency
%%%%%%%%%%%%%%
@misc{leibenstein1966allocative,
  title={Allocative Efficiency versus X-Efficiency, in {\guillemotleft}aer{\guillemotright}, n. 56},
  author={Leibenstein, H},
  year={1966},
  publisher={June}
}

% --------------------------------------------------------

%%%%%%%%%%%%%%
% Competitiveness and Efficiency of the Banking Sector and Economic Growth in Egypt  
%%%%%%%%%%%%%%
@article{poshakwale2011competitiveness,
  title={Competitiveness and efficiency of the banking sector and economic growth in Egypt},
  author={Poshakwale, Sunil S and Qian, Binsheng},
  journal={African development review},
  volume={23},
  number={1},
  pages={99--120},
  year={2011},
  publisher={Wiley Online Library}
}

% --------------------------------------------------------

%%%%%%%%%%%%%%
%  What drives bank competition? Some international evidence.
%%%%%%%%%%%%%%
@book{claessens2003drives,
  title={What drives bank competition? Some international evidence},
  author={Claessens, Stijn and Laeven, Luc},
  year={2003},
  publisher={The World Bank}
}
% --------------------------------------------------------

%%%%%%%%%%%%%%
%  Competition and Efficiency in Banking: International Comparisons
%%%%%%%%%%%%%%
@article{bikker2005competition,
  title={Competition and efficiency in banking: international comparisons},
  author={Bikker, Jacob A and Bos, Jaap WB},
  journal={Economic and Financial Modelling},
  volume={12},
  number={3},
  pages={103--148},
  year={2005}
}

% --------------------------------------------------------

%%%%%%%%%%%%%%
%  Efficiency in European Banking
%%%%%%%%%%%%%%
@phdthesis{molyneux1997efficiency,
  title={Efficiency in European banking},
  author={Molyneux, Philip and Altunbas, Yener and Gardener, Edward},
  year={1997},
  school={Univerza v Mariboru, Ekonomsko-poslovna fakulteta}
}

% --------------------------------------------------------

%%%%%%%%%%%%%%
%  economicshelp - Pettinger
%%%%%%%%%%%%%%
@misc{pettinger2017economicshelp,
  title={Economicshelp. org},
  author={Pettinger, Tejvan},
  year={2017},
  publisher={Online}
}

% --------------------------------------------------------

%%%%%%%%%%%%%%
%   Principles of Economics
%%%%%%%%%%%%%%
@article{greenlaw2018principles,
  title={Principles of Economics-2e: OpenStax},
  author={Greenlaw, Steven A and Shapiro, David and Taylor, Timothy and others},
  year={2018}
}

% --------------------------------------------------------

%%%%%%%%%%%%%%
%  
%%%%%%%%%%%%%%
@article{toninimpulsiona,
  title={O QUE IMPULSIONA O DESENVOLVIMENTO DO SETOR BANC{\'A}RIO REGIONAL BRASILEIRO? UMA VIS{\~A}O P{\'O}S-KEYNESIANA},
  author={Tonin, Jo{\~a}o Ricardo and Curado, Marcelo Luiz}
}

% --------------------------------------------------------

%%%%%%%%%%%%%%
%  DEA e a eficiencia bancaria
%%%%%%%%%%%%%%
@article{nguyen2020cost,
  title={The cost efficiency of Vietnamese banks--the difference between DEA and SFA},
  author={Nguyen, Phong Hoang and Pham, Duyen Thi Bich},
  journal={Journal of Economics and Development},
  year={2020},
  publisher={Emerald Publishing Limited}
}
%%% https://www.emerald.com/insight/content/doi/10.1108/JED-12-2019-0075/full/html#:~:text=3.1%20The%20data%20envelopment%20analysis%20(DEA)&text=The%20cost%20efficiency%20examines%20how,)*100%25%20of%20the%20cost.
% --------------------------------------------------------

%%%%%%%%%%%%%%
%  DEA e a eficiencia bancaria
%%%%%%%%%%%%%%
@article{jahanshahl2011interpretation,
  title={An Interpretation of the Cost Model in Data Envelopment Analysis},
  author={Jahanshahl, GR and Mirdehghan, SM and Vakili, J},
  journal={JApSc},
  volume={11},
  number={2},
  pages={389--392},
  year={2011}
}
%%% https://scialert.net/fulltext/?doi=jas.2011.389.392

% --------------------------------------------------------

%%%%%%%%%%%%%%
%  DEA e a eficiencia bancaria
%%%%%%%%%%%%%%
@article{sherman1985bank,
  title={Bank branch operating efficiency: Evaluation with data envelopment analysis},
  author={Sherman, H David and Gold, Franklin},
  journal={Journal of banking \& finance},
  volume={9},
  number={2},
  pages={297--315},
  year={1985},
  publisher={Elsevier}
}

% --------------------------------------------------------

%%%%%%%%%%%%%%
%  
%%%%%%%%%%%%%%
@article{vassiloglou1990study,
  title={A study of the relative efficiency of bank branches: an application of data envelopment analysis},
  author={Vassiloglou, Myrto and Giokas, Demetrios},
  journal={Journal of the Operational Research Society},
  volume={41},
  number={7},
  pages={591--597},
  year={1990},
  publisher={Taylor \& Francis}
}

% --------------------------------------------------------

%%%%%%%%%%%%%%
%  
%%%%%%%%%%%%%%
@article{ferrier1990measuring,
  title={Measuring cost efficiency in banking: Econometric and linear programming evidence},
  author={Ferrier, Gary D and Lovell, CA Knox},
  journal={Journal of econometrics},
  volume={46},
  number={1-2},
  pages={229--245},
  year={1990},
  publisher={Elsevier}
}


% --------------------------------------------------------

%%%%%%%%%%%%%%
%  
%%%%%%%%%%%%%%
@article{macedo2006desempenho,
  title={Desempenho organizacional no setor banc{\'a}rio brasileiro: uma aplica{\c{c}}{\~a}o da an{\'a}lise envolt{\'o}ria de dados},
  author={Macedo, Marcelo Alvaro Da Silva and Santos, Rodrigo Melo and Da Silva, Fabr{\'\i}cia De Farias},
  journal={RAM. Revista de Administra{\c{c}}{\~a}o Mackenzie},
  volume={7},
  number={1},
  pages={11--44},
  year={2006},
  publisher={Universidade Presbiteriana Mackenzie}
}

% --------------------------------------------------------

%%%%%%%%%%%%%%
%  
%%%%%%%%%%%%%%
@article{perico2008eficiencia,
  title={Efici{\^e}ncia banc{\'a}ria: os maiores bancos s{\~a}o os mais eficientes? Uma an{\'a}lise por envolt{\'o}ria de dados},
  author={P{\'e}rico, Ana Elisa and Rebelatto, Daisy Aparecida do Nascimento and Santana, Naja Brand{\~a}o},
  journal={Gest{\~a}o \& Produ{\c{c}}{\~a}o},
  volume={15},
  number={2},
  pages={421--431},
  year={2008},
  publisher={SciELO Brasil}
}

% --------------------------------------------------------

%%%%%%%%%%%%%%
%  
%%%%%%%%%%%%%%
@article{de2009analise,
  title={An{\'a}lise de desempenho cont{\'a}bil-financeiro no setor banc{\'a}rio brasileiro por meio da aplica{\c{c}}{\~a}o da an{\'a}lise envolt{\'o}ria de dados (DEA)},
  author={De Souza, M{\'a}rcio Fl{\'a}vio Amaral and MACEDO, MARCELO ALVARO DA SILVA},
  journal={Revista Base (Administra{\c{c}}{\~a}o e Contabilidade) da UNISINOS},
  volume={6},
  number={2},
  pages={81--100},
  year={2009},
  publisher={Universidade do Vale do Rio dos Sinos}
}

% --------------------------------------------------------

% Christensen e Greene (1976) 
@article{christensen1976economies,
  title={Economies of scale in US electric power generation},
  author={Christensen, Laurits R and Greene, William H},
  journal={Journal of political Economy},
  volume={84},
  number={4, Part 1},
  pages={655--676},
  year={1976},
  publisher={The University of Chicago Press}
}

%%%%%%%%%%%%%%
% bANCOS COMERCIAIS E DESENVOLVIMENTO 
%%%%%%%%%%%%%%
@phdthesis{dereje2015college,
  title={College of Business and Economics Department of Accounting and Finance},
  author={Dereje, Melkamu},
  year={2015},
  school={Addis Ababa University}
}

% --------------------------------------------------------

%%%%%%%%%%%%%%
%  
%%%%%%%%%%%%%%
@article{saini2014role,
  title={Role of commercial bank in the economic development of India},
  author={Saini, Priyanka and Sindhu, Jyoti},
  journal={International Journal of Engineering and Management Research (IJEMR)},
  volume={4},
  number={1},
  pages={27--31},
  year={2014},
  publisher={Vandana Publications}
}

% --------------------------------------------------------

%%%%%%%%%%%%%%
%  
%%%%%%%%%%%%%%
@article{sicsu2003busca,
  title={Em busca de uma teoria da localiza{\c{c}}{\~a}o das ag{\^e}ncias banc{\'a}rias: algumas evid{\^e}ncias do caso brasileiro},
  author={Sics{\'u}, Jo{\~a}o and Crocco, Marco and others},
  journal={Economia},
  volume={4},
  number={1},
  pages={85--112},
  year={2003},
  publisher={ANPEC Niter{\'o}i\^{} eRJ RJ}
}

% --------------------------------------------------------

%%%%%%%%%%%%%%
%  
%%%%%%%%%%%%%%
@article{kalpana2017role,
  title={Role of commercial banks in the economic Development of India},
  author={Kalpana, Bandlamudi and Rao, Taidala Vasantaha},
  journal={International Journal of Management and Applied Science},
  volume={3},
  number={4},
  pages={1--4},
  year={2017}
}

% --------------------------------------------------------

%%%%%%%%%%%%%%
%  
%%%%%%%%%%%%%%
@phdthesis{tariang1990role,
  title={Role of commercial banks in regional development: a case study of Jaintia hills district of Meghalaya},
  author={Tariang, Eleebon},
  year={1990}
}

% --------------------------------------------------------

%%%%%%%%%%%%%%
%  
%%%%%%%%%%%%%%
@article{schumpeter1934theory,
  title={The theory of economic development, translated by Redvers Opie},
  author={Schumpeter, Joseph A},
  journal={Harvard: Economic Studies},
  volume={46},
  pages={1600--0404},
  year={1934}
}

% --------------------------------------------------------

%%%%%%%%%%%%%%
%  
%%%%%%%%%%%%%%


% --------------------------------------------------------


% ############
% ############
% ############
% ############
% ############ Modelos DEA
% ############
% ############
% ############
% ############


%%%%%%%%%%%%%%
%  Share performance and profit efficiency of banks in an oligopolistic market: evidence from Singapore
%%%%%%%%%%%%%%
@article{chu1998share,
  title={Share performance and profit efficiency of banks in an oligopolistic market: evidence from Singapore},
  author={Chu, Sing Fat and Lim, Guan Hua},
  journal={Journal of Multinational Financial Management},
  volume={8},
  number={2-3},
  pages={155--168},
  year={1998},
  publisher={Elsevier}
}
% --------------------------------------------------------

%%%%%%%%%%%%%%
 % Redistribuição de inputs e outputs em modelos de análise envoltória de dados com ganhos de soma zero
%%%%%%%%%%%%%%
@article{gomes2004redistribuiccao,
  title={Redistribui{\c{c}}{\~a}o de inputs e outputs em modelos de an{\'a}lise envolt{\'o}ria de dados com ganhos de soma zero},
  author={Gomes, Eliane Gon{\c{c}}alves and Mello, Jo{\~a}o Carlos CB and Lins, Marcos Pereira Estellita},
  journal={Pesquisa Operacional},
  volume={24},
  number={2},
  pages={269--284},
  year={2004},
  publisher={SciELO Brasil}
}
% --------------------------------------------------------

%%%%%%%%%%%%%%
% A análise envoltória de dados (dea – data envelopment analysis) como ferramenta de avaliação da eficiência das MPES da cadeia produtiva do petróleo e gás do RN
%%%%%%%%%%%%%%
@article{Bezerra2015DEA,
  title={A an{\'a}lise envolt{\'o}ria de dados (DEA – data envelopment analysis) como ferramenta de avalia{\c{c}}{\~a}o da efici{\^e}ncia das MPES da cadeia produtiva do petr{\'o}leo e g{\'a}s do RN},
  author={Bezerra, Paulo Ricardo Cosme and Ara{\ú}jo, Danyelle Medeiros and Silva, Djalma Ribeiro and Almeida, Mariana Rodrigues},
  journal={Congresso Nacional de Excelência em Gestão},
  volume={9},
  number={1},
  pages={1--21},
  year={2015},
  publisher={Inova realize}
}
% --------------------------------------------------------


%%%%%%%%%%%%%%
% Uma abordagem bayesiana para o cálculo dos custos operacionais eficientes das distribuidoras de energia elétrica
%%%%%%%%%%%%%% 
@article{souza2008abordagem,
  title={Uma abordagem bayesiana para o c{\'a}lculo dos custos operacionais eficientes das distribuidoras de energia el{\'e}trica},
  author={Souza, Marcus Vinicius Pereira},
  journal={Departamento de Engenharia El{\'e}trica, Pontif{\'i}cia Universidade Cat{\'o}lica do Rio de Janeiro},
  volume={9},
  number={1},
  pages={1--21},
  year={2008},
  publisher={Maxwell}
}
% --------------------------------------------------------



%%%%%%%%%%%%%%
% Um modelo de análise envoltória de dados para estabelecimento das metas de continuidade do fornecimento de energia elétrica
%%%%%%%%%%%%%%
@phdthesis{pessanhamodelo,
  title={Um Modelo de An{\'a}lise Envolt{\'o}ria de Dados para Estabelecimento das Metas de Continuidade do Fornecimento de Energia El{\'e}trica. Rio de Janeiro, 2006. 161p},
  author={Pessanha, JFM},
  year={2006}
  school={Tese de Doutorado, Pontif{\'\i}cia Universidade Cat{\'o}lica do Rio de Janeiro}
  
}
% --------------------------------------------------------



%%%%%%%%%%
% Análise envoltória de dados e análise de componentes principais: uma proposta de medição do desempenho em organizações hospitalares sob a perspectiva dos Hospitais Universitários Federais do Brasil
%%%%%%%%%%
@phdthesis{peixotoanalise,
  title={An{\'a}lise envolt{\'o}ria de dados e an{\'a}lise de componentes principais: uma proposta de medi{\c{c}}{\~a}o do desempenho de organiza{\c{c}}{\~o}es hospitalares sob a perspectiva de Hospitais Universit{\'a}rios Federais do Brasil},
  author={Peixoto, Maria Gabriela Mendon{\c{c}}a},
  year={2016}
  school={Universidade de S{\~a}o Paulo}
}
% --------------------------------------------------------



%%%%%%%%%%
% Eficiência técnica e de escala em diferentes sistemas familiares de produção de leite da microrregião de Uberlândia (MG)
%%%%%%%%%%
@article{rocha2017eficiencia,
  title={Efici{\^e}ncia t{\'e}cnica e de escala em diferentes sistemas familiares de produ{\c{c}}{\~a}o de leite da microrregi{\~a}o de Uberl{\^a}ndia (MG)},
  author={Rocha, {\'A}guida Garreth Ferraz and others},
  year={2017},
  publisher={Universidade Federal de Uberl{\^a}ndia}
}
% --------------------------------------------------------


%%%%%%%%%%
% Um Modelo de Avaliaçăo da Eficięncia da Administraçăo Pública através do Método Análise Envoltória de Dados (DEA)
%%%%%%%%%%
@article{pena2008modelo,
  title={Um modelo de avalia{\c{c}}{\~a}o da efici{\^e}ncia da administra{\c{c}}{\~a}o p{\'u}blica atrav{\'e}s do m{\'e}todo an{\'a}lise envolt{\'o}ria de dados (DEA)},
  author={Pe{\~n}a, Carlos Rosano},
  journal={Revista de Administra{\c{c}}{\~a}o Contempor{\^a}nea},
  volume={12},
  number={1},
  pages={83--106},
  year={2008},
  publisher={SciELO Brasil}
}

%%%%%%%%%%
% Eficiência bancária: os maiores bancos são os mais eficientes? Uma análise por envoltória de dados
%%%%%%%%%%
@article{perico2008eficiencia,
  title={Efici{\^e}ncia banc{\'a}ria: os maiores bancos s{\~a}o os mais eficientes? Uma an{\'a}lise por envolt{\'o}ria de dados},
  author={P{\'e}rico, Ana Elisa and Rebelatto, Daisy Aparecida do Nascimento and Santana, Naja Brand{\~a}o},
  journal={Gest{\~a}o \& Produ{\c{c}}{\~a}o},
  volume={15},
  number={2},
  pages={421--431},
  year={2008},
  publisher={SciELO Brasil}
}

%%%%%%%%%%
% Measuring and assessing capacity in fisheries
% Disponível em: http://www.fao.org/3/Y5027E/y5027e00.htm#Contents
%%%%%%%%%%


@article{pascoe2003measuring,
  title={Measuring and assessing capacity},
  author={Pascoe, S and Kirkley, JE and Greboval, D and Morrison-Paul, CJ},
  journal={FAO Fisheries Technical Paper},
  number={433/2},
  pages={130},
  year={2003}
}

% meza 2007 - seleção input/output
@article{meza2007selecccao,
  title={Selec{\c{c}}{\~a}o de vari{\'a}veis em DEA aplicada a uma an{\'a}lise do mercado de energia el{\'e}ctrica},
  author={Meza, Lidia Angulo and Mello, Jo{\~a}o Carlos Correia Baptista Soares de and Gomes, Eliane Gon{\c{c}}alves and Fernandes, Artur Jos{\'e} Silva},
  journal={Investiga{\c{c}}{\~a}o Operacional},
  volume={27},
  number={1},
  pages={21--36},
  year={2007},
  publisher={APDIO-Associa{\c{c}}{\~a}o Portuguesa de Investiga{\c{c}}{\~a}o Operacional}
}

% seleção input/output
@phdthesis{vilacca2018determinantes,
  title={Determinantes da efici{\^e}ncia banc{\'a}ria: o caso portugu{\^e}s},
  author={Vila{\c{c}}a, Eduardo Filipe Fernandes},
  year={2018}
}

% Cooper (2006)
@article{cooper2001data,
  title={Data envelopment analysis: A comprehensive text with models, applications, references and DEA-solver software},
  author={Cooper, William W and Seiford, Lawrence M and Tone, Kaoru},
  journal={Journal-operational Research Society},
  volume={52},
  number={12},
  pages={1408--1409},
  year={2001},
  publisher={Citeseer}
}

% ############
% ############
% ############
% ############
% ############ Analise e resultados
% ############
% ############
% ############
% ############

@misc{larson2015estatistica,
  title={Estat{\'\i}stica Aplicada [Applied statistics]},
  author={Larson, R and Farber, B},
  year={2015},
  publisher={S{\~a}o Paulo: Pearson Education do Brasil}
}




%% This BibTeX bibliography file was created using BibDesk.
%% http://bibdesk.sourceforge.net/


%% Created for Lauro Cesar Araujo at 2015-04-27 19:43:45 -0300 


Saved with string encoding Unicode (UTF-8) 


%%%%%%%%%%%%%%%%%%%%%%%%%%%%%
%%%%%%%%%%%%%%%%%%%%%%%%%%%%%
%%%%%%%%%%%%%%%%%%%%%%%%%%%%%
%%%%%%%%%%%%%%%%%%%%%%%%%%%%% ARTIGO 01
%%%%%%%%%%%%%%%%%%%%%%%%%%%%%
%%%%%%%%%%%%%%%%%%%%%%%%%%%%%
%%%%%%%%%%%%%%%%%%%%%%%%%%%%%
%%%%%%%%%%%%%%%%%%%%%%%%%%%%%




%%%%%%%%%%%%%%%%%%%%%%%%%%%%%
%%%%%%%%%%%%%%%%%%%%%%%%%%%%% INTRODUÇÃO
%%%%%%%%%%%%%%%%%%%%%%%%%%%%%

% MINSKY, Hyman. Stabilizing an unstable economy (New Haven and London, Yale University Press). 1986.

@article{minsky1986stabilizing,
  title={Stabilizing an unstable economy},
  author={Minsky, Hyman P},
  journal={New Haven and London, Yale University Press},
  volume={1},
  number={1},
  pages={407},
  year={1986},
  publisher={McGraw-Hill}
}

% MINSKY, Hyman P. Inflation, recession and economic policy. Brighton, Sussex: Wheatsheaf Books, 1982.

@book{minsky1982inflation,
  title={Inflation, recession and economic policy},
  author={Minsky, Hyman P},
  year={1982},
  publisher={Brighton, Sussex: Wheatsheaf Books}
}

% TORRES FILHO, Ernani Teixeira; MARTINS, Norberto Montani; MIAGUTI, Caroline Yukari. Minsky’s financial fragility: an empirical analysis of electricity distribution firms in Brazil (2007–2015). Journal of Post Keynesian Economics, v. 42, n. 1, p. 144-168, 2019.

@article{torres2019minsky,
  title={Minsky’s financial fragility: an empirical analysis of electricity distribution firms in Brazil (2007--2015)},
  author={Torres, Ernani Teixeira Filho and others},
  journal={Journal of Post Keynesian Economics},
  volume={42},
  number={1},
  pages={144--168},
  year={2019},
  publisher={Taylor \& Francis}
}



%%%%%%%%%%%%%%%%%%%%%%%%%%%%%
%%%%%%%%%%%%%%%%%%%%%%%%%%%%% VISÃO CLÁSSICA DO SISTEMA BANCÁRIO
%%%%%%%%%%%%%%%%%%%%%%%%%%%%%

% GOMES, Aline Moreira et al. Crédito bancário: uma análise com dados micro-bancários para América Latina. 2015.
@article{gomes2015credito,
  title={Cr{\'e}dito banc{\'a}rio: uma an{\'a}lise com dados micro-banc{\'a}rios para Am{\'e}rica Latina},
  author={Gomes, Aline Moreira},
  year={2015},
  publisher={Universidade do Estado do Rio de Janeiro}
}

% PAULA, Luiz Fernando de. Financiamento, crescimento econômico e funcionalidade do sistema financeiro: uma abordagem pós-keynesiana. Estudos Econômicos (São Paulo), v. 43, p. 363-396, 2013.

@article{paula2013financiamento,
  title={Financiamento, crescimento econ{\^o}mico e funcionalidade do sistema financeiro: uma abordagem p{\'o}s-keynesiana},
  author={Paula, Luiz Fernando de},
  journal={Estudos Econ{\^o}micos (S{\~a}o Paulo)},
  volume={43},
  pages={363--396},
  year={2013},
  publisher={SciELO Brasil}
}

% SCHOLTENS, Bert; VAN WENSVEEN, Dick. The theory of financial intermediation: an essay on what it does (not) explain. SUERF Studies, 2003.

@book{scholtens2003theory,
  title={The theory of financial intermediation: an essay on what it does (not) explain},
  author={Scholtens, Bert and Van Wensveen, Dick},
  number={2003/1},
  year={2003},
  publisher={SUERF Studies}
}

% FREIXAS, Xavier; ROCHET, Jean-Charles. Microeconomics of banking. MIT press, 2008.

@book{freixas2008microeconomics,
  title={Microeconomics of banking},
  author={Freixas, Xavier and Rochet, Jean-Charles},
  year={2008},
  publisher={MIT press}
}

% ALLEN, Franklin; SANTOMERO, Anthony M. The theory of financial intermediation. Journal of banking & finance, v. 21, n. 11-12, p. 1461-1485, 1997.

@article{allen1997theory,
  title={The theory of financial intermediation},
  author={Allen, Franklin and Santomero, Anthony M},
  journal={Journal of banking \& finance},
  volume={21},
  number={11-12},
  pages={1461--1485},
  year={1997},
  publisher={Elsevier}
}

% LELAND, Hayne E.; PYLE, David H. Informational asymmetries, financial structure, and financial intermediation. The journal of Finance, v. 32, n. 2, p. 371-387, 1977.

@article{leland1977informational,
  title={Informational asymmetries, financial structure, and financial intermediation},
  author={Leland, Hayne E and Pyle, David H},
  journal={The journal of Finance},
  volume={32},
  number={2},
  pages={371--387},
  year={1977},
  publisher={JSTOR}
}

% DIAMOND, Douglas W.; DYBVIG, Philip H. Bank runs, deposit insurance, and liquidity. Journal of political economy, v. 91, n. 3, p. 401-419, 1983.

@article{diamond1983bank,
  title={Bank runs, deposit insurance, and liquidity},
  author={Diamond, Douglas W and Dybvig, Philip H},
  journal={Journal of political economy},
  volume={91},
  number={3},
  pages={401--419},
  year={1983},
  publisher={The University of Chicago Press}
}

% STIGLITZ, Joseph E.; WEISS, Andrew. Credit rationing in markets with imperfect information. The American economic review, v. 71, n. 3, p. 393-410, 1981.

@article{stiglitz1981credit,
  title={Credit rationing in markets with imperfect information},
  author={Stiglitz, Joseph E and Weiss, Andrew},
  journal={The American economic review},
  volume={71},
  number={3},
  pages={393--410},
  year={1981},
  publisher={JSTOR}
}

% BENSTON, George J.; SMITH, Clifford W. A transactions cost approach to the theory of financial intermediation. The Journal of finance, v. 31, n. 2, p. 215-231, 1976.

@article{benston1976transactions,
  title={A transactions cost approach to the theory of financial intermediation},
  author={Benston, George J and Smith, Clifford W},
  journal={The Journal of finance},
  volume={31},
  number={2},
  pages={215--231},
  year={1976},
  publisher={JSTOR}
}

% CAMPBELL, Tim S.; KRACAW, William A. Information production, market signalling, and the theory of financial intermediation. the Journal of Finance, v. 35, n. 4, p. 863-882, 1980.

@article{campbell1980information,
  title={Information production, market signalling, and the theory of financial intermediation},
  author={Campbell, Tim S and Kracaw, William A},
  journal={the Journal of Finance},
  volume={35},
  number={4},
  pages={863--882},
  year={1980},
  publisher={JSTOR}
}

% FAMA, Eugene F. Banking in the Theory of Finance. Journal of monetary economics, v. 6, n. 1, p. 39-57, 1980.

@article{fama1980banking,
  title={Banking in the Theory of Finance},
  author={Fama, Eugene F},
  journal={Journal of monetary economics},
  volume={6},
  number={1},
  pages={39--57},
  year={1980},
  publisher={Elsevier}
}

% GUTTENTAG, Jack M.; LINDSAY, Robert. The uniqueness of commercial banks. Journal of Political Economy, v. 76, n. 5, p. 991-1014, 1968.

@article{guttentag1968uniqueness,
  title={The uniqueness of commercial banks},
  author={Guttentag, Jack M and Lindsay, Robert},
  journal={Journal of Political Economy},
  volume={76},
  number={5},
  pages={991--1014},
  year={1968},
  publisher={The University of Chicago Press}
}

% MANKIW, N. Gregory. The allocation of credit and financial collapse. The Quarterly Journal of Economics, v. 101, n. 3, p. 455-470, 1986.

@article{mankiw1986allocation,
  title={The allocation of credit and financial collapse},
  author={Mankiw, N Gregory},
  journal={The Quarterly Journal of Economics},
  volume={101},
  number={3},
  pages={455--470},
  year={1986},
  publisher={MIT Press}
}

% DIAMOND, Douglas W. Financial intermediation and delegated monitoring. The review of economic studies, v. 51, n. 3, p. 393-414, 1984.

@article{diamond1984financial,
  title={Financial intermediation and delegated monitoring},
  author={Diamond, Douglas W},
  journal={The review of economic studies},
  volume={51},
  number={3},
  pages={393--414},
  year={1984},
  publisher={Wiley-Blackwell}
}



%%%%%%%%%%%%%%%%%%%%%%%%%%%%%
%%%%%%%%%%%%%%%%%%%%%%%%%%%%% CRIAÇÃO DA MOEDA BANCÁRIA ENDÓGENA
%%%%%%%%%%%%%%%%%%%%%%%%%%%%%

% LAVOIE, Marc. Post-Keynesian economics: new foundations. Edward Elgar Publishing, 2022.
@book{lavoie2022post,
  title={Post-Keynesian economics: new foundations},
  author={Lavoie, Marc},
  year={2022},
  publisher={Edward Elgar Publishing}
}


% CARVALHO, Fernando Cardim de. O retorno de Keynes. Novos estudos CEBRAP, p. 91-101, 2009.
@article{carvalho2009retorno,
  title={O retorno de Keynes},
  author={Carvalho, Fernando Cardim de},
  journal={Novos estudos CEBRAP},
  pages={91--101},
  year={2009},
  publisher={SciELO Brasil}
}


% OLIVEIRA, Giuliano Contento de. Paula, Luiz Fernando de. Sistema Financeiro, Bancos e Financiamento da Economia: uma abordagem keynesiana. Rio de Janeiro: Elsevier, 2014. 2014.

@misc{oliveira2014paula,
  title={Paula, Luiz Fernando de. Sistema Financeiro, Bancos e Financiamento da Economia: uma abordagem keynesiana. Rio de Janeiro: Elsevier, 2014},
  author={Oliveira, Giuliano Contento de},
  year={2014},
  publisher={SciELO Brasil}
}

% PAULA, Luiz Fernando de. Financiamento, crescimento econômico e funcionalidade do sistema financeiro: uma abordagem pós-keynesiana. Estudos Econômicos (São Paulo), v. 43, p. 363-396, 2013.

@article{paula2013financiamento,
  title={Financiamento, crescimento econ{\^o}mico e funcionalidade do sistema financeiro: uma abordagem p{\'o}s-keynesiana},
  author={Paula, Luiz Fernando de},
  journal={Estudos Econ{\^o}micos (S{\~a}o Paulo)},
  volume={43},
  pages={363--396},
  year={2013},
  publisher={SciELO Brasil}
}

% JUNIOR, Hélio Quaresma; ALENCAR, Douglas; ANDRADE, Wanderlino. Preferência pela Liquidez dos bancos no Brasil e Crise: uma análise dos determinantes da oferta de crédito. Revista de Economia Mackenzie, v. 16, n. 2, 2019.

@article{junior2019preferencia,
  title={Prefer{\^e}ncia pela Liquidez dos bancos no Brasil e Crise: uma an{\'a}lise dos determinantes da oferta de cr{\'e}dito.},
  author={Junior, H{\'e}lio Quaresma and others},
  journal={Revista de Economia Mackenzie},
  volume={16},
  number={2},
  year={2019},
  publisher={Universidade Presbiteriana Mackenzie Revista de Economia Mackenzie}
}

% FIGUEIREDO, Ana Tereza Lanna. Uma abordagem pós-keynesiana para a teoria da localização: análise da moeda como um fator determinante na escolha locacional das empresas. 2009.

@article{figueiredo2009abordagem,
  title={Uma abordagem p{\'o}s-keynesiana para a teoria da localiza{\c{c}}{\~a}o: an{\'a}lise da moeda como um fator determinante na escolha locacional das empresas},
  author={Figueiredo, Ana Tereza Lanna},
  year={2009},
  publisher={Universidade Federal de Minas Gerais}
}

% KEYNES, John Maynard. A Treatise on Money. The Collected Writings. 1971.
@misc{keynes1971treatise,
  title={A Treatise on Money. The Collected Writings},
  author={Keynes, John Maynard},
  year={1971},
  publisher={Macmillan, London}
}

% SARAIVA, Paulo José; DE PAULA, Luiz Fernando. A ENDOGENEIDADE DOS BANCOS EM UMA PERSPECTIVA TEÓRICA: ANÁLISE CRÍTICA DA LITERATURA A PARTIR DE UMA VISÃO PÓS-KEYNESIANA. (SYN) THESIS, v. 8, n. 1, p. 55-77, 2015.
@article{saraiva2015endogeneidade,
  title={A ENDOGENEIDADE DOS BANCOS EM UMA PERSPECTIVA TE{\'O}RICA: AN{\'A}LISE CR{\'I}TICA DA LITERATURA A PARTIR DE UMA VIS{\~A}O P{\'O}S-KEYNESIANA},
  author={Saraiva, Paulo Jos{\'e} and de Paula, Luiz Fernando},
  journal={(SYN) THESIS},
  volume={8},
  number={1},
  pages={55--77},
  year={2015}
}

% WRAY, R. A teoria do dinheiro de Keynes: uma avaliação após 70anos. Revista de Economia, Curitiba, ano 30, v. 32, n. 2, p.43-62, 2006.
@article{wray2006teoria,
  title={A teoria do dinheiro de Keynes: uma avalia{\c{c}}{\~a}o ap{\'o}s 70 anos},
  author={Wray, L Randall},
  journal={Revista de Economia},
  volume={32},
  number={2},
  year={2006}
}

% DE PAULA, Luiz Fernando Rodrigues. Comportamento dos bancos, posturas financeiras e oferta de crédito: de Keynes a Minsky. Análise Econômica, v. 16, n. 29, 1998.
@article{paula1998comportamento,
  title={Comportamento dos bancos, posturas financeiras e oferta de cr{\'e}dito: de Keynes a Minsky},
  author={Paula, Luiz Fernando Rodrigues de},
  journal={An{\'a}lise Econ{\^o}mica},
  volume={16},
  number={29},
  year={1998}
}

% HEISE, Arne. Commercial banks in macroeconomic theory. Journal of Post Keynesian Economics, v. 14, n. 3, p. 285-296, 1992.
@article{heise1992commercial,
  title={Commercial banks in macroeconomic theory},
  author={Heise, Arne},
  journal={Journal of Post Keynesian Economics},
  volume={14},
  number={3},
  pages={285--296},
  year={1992},
  publisher={Taylor \& Francis}
}

% TERRA, Fábio Henrique Bittes. Sistema financeiro, bancos e financiamento da economia: uma abordagem keynesiana. 2014.
@misc{terra2014sistema,
  title={Sistema financeiro, bancos e financiamento da economia: uma abordagem keynesiana},
  author={Terra, F{\'a}bio Henrique Bittes},
  year={2014},
  publisher={SciELO Brasil}
}

% ALENCAR, Douglas Alcantara. Sistema financeiro, bancos e financiamento da economia: uma abordagem keynesiana. 2014.
@misc{alencar2014sistema,
  title={Sistema financeiro, bancos e financiamento da economia: uma abordagem keynesiana},
  author={Alencar, Douglas Alcantara},
  year={2014},
  publisher={SciELO Brasil}
}

% KEYNES, John Maynard. A teoria geral do juro, do emprego e da moeda. São Paulo: Atlas, 1982.
@article{keynes1982teoria,
  title={A teoria geral do juro, do emprego e da moeda},
  author={Keynes, John Maynard},
  journal={S{\~a}o Paulo: Atlas},
  year={1982}
}

% DEQUECH, David. Expectations and confidence under uncertainty. Journal of post Keynesian economics, v. 21, n. 3, p. 415-430, 1999.
@article{dequech1999expectations,
  title={Expectations and confidence under uncertainty},
  author={Dequech, David},
  journal={Journal of post Keynesian economics},
  volume={21},
  number={3},
  pages={415--430},
  year={1999},
  publisher={Taylor \& Francis}
}

% DEQUECH, David. Asset choice, liquidity preference, and rationality under uncertainty. Journal of Economic Issues, v. 34, n. 1, p. 159-176, 2000.
@article{dequech2000asset,
  title={Asset choice, liquidity preference, and rationality under uncertainty},
  author={Dequech, David},
  journal={Journal of Economic Issues},
  volume={34},
  number={1},
  pages={159--176},
  year={2000},
  publisher={Taylor \& Francis}
}

% KEYNES, John Maynard. Alternative theories of the rate of interest. The Economic Journal, v. 47, n. 186, p. 241-252, 1937.
@article{keynes1937alternative,
  title={Alternative theories of the rate of interest},
  author={Keynes, John Maynard},
  journal={The Economic Journal},
  volume={47},
  number={186},
  pages={241--252},
  year={1937},
  publisher={JSTOR}
}

% KEYNES, John Maynard. Treatise on money: Pure theory of money Vol. I. 1930.
@misc{keynes1930treatise,
  title={Treatise on money: Pure theory of money Vol. I},
  author={Keynes, John Maynard},
  year={1930},
  publisher={Macmillan, London}
}

% STUDART, R. Development Finance. The Elgar Companion to Post Keynesian Economics, Cheltenham: Edward Elgar Publishing, 2003.
@article{studart2003development,
  title={Development Finance},
  author={Studart, R},
  journal={The Elgar Companion to Post Keynesian Economics, Cheltenham: Edward Elgar Publishing},
  year={2003}
}

% WEINTRAUB, Sidney. Money supply and demand interdependence. Journal of Post Keynesian Economics, v. 2, n. 4, p. 566-575, 1980.
@article{weintraub1980money,
  title={Money supply and demand interdependence},
  author={Weintraub, Sidney},
  journal={Journal of Post Keynesian Economics},
  volume={2},
  number={4},
  pages={566--575},
  year={1980},
  publisher={Taylor \& Francis}
}


%%%%%%%%%%%%%%%%%%%%%%%%%%%%%
%%%%%%%%%%%%%%%%%%%%%%%%%%%%% CIRCUITO FINANCE-INVESTIMENTO-POUPANÇA-FUNDIG
%%%%%%%%%%%%%%%%%%%%%%%%%%%




% ALENCAR, Douglas Alcântara et al. O CIRCUITO FINANCE-INVESTIMENTO-POUPANÇA-FUNDING NA ECONOMIA ABERTA E COM GOVERNO. Cedeplar, Universidade Federal de Minas Gerais, 2015.
@techreport{alencar2015circuito,
  title={O CIRCUITO FINANCE-INVESTIMENTO-POUPAN{\c{C}}A-FUNDING NA ECONOMIA ABERTA E COM GOVERNO},
  author={Alencar, Douglas Alc{\^a}ntara and Resende, Marco Fl{\'a}vio Cunha and Barbosa, L{\'u}cio Ot{\'a}vio Seixas and Diniz, Gustavo Figueiredo Campolina and others},
  year={2015},
  institution={Cedeplar, Universidade Federal de Minas Gerais}
}

% STUDART, Rogerio. Investment finance in economic development. Routledge, 1995.
@book{studart1995investment,
  title={Investment finance in economic development},
  author={Studart, Rogerio},
  year={1995},
  publisher={Routledge}
}

% SANTOS, Diogo; DA CUNHA RESENDE, Marco Flávio. Os Impactos da financeirização sobre o circuito finance-investimento-poupança-funding. Brazilian Keynesian Review, v. 7, n. 2, p. 306-333, 2021.
@article{santos2021impactos,
  title={Os Impactos da financeiriza{\c{c}}{\~a}o sobre o circuito finance-investimento-poupan{\c{c}}a-funding},
  author={Santos, Diogo and da Cunha Resende, Marco Fl{\'a}vio},
  journal={Brazilian Keynesian Review},
  volume={7},
  number={2},
  pages={306--333},
  year={2021}
}

% DAVIDSON, Louise. Finance, funding, saving, and investment. In: Money and Employment. Palgrave Macmillan, London, 1990. p. 365-373.
@incollection{davidson1990finance,
  title={Finance, funding, saving, and investment},
  author={Davidson, Louise},
  booktitle={Money and Employment},
  pages={365--373},
  year={1990},
  publisher={Springer}
}

% RESENDE, Marco Flávio da Cunha. O circuito finance-investimento-poupança-funding em economias abertas. Brazilian Journal of Political Economy, v. 28, p. 136-154, 2008.
@article{resende2008circuito,
  title={O circuito finance-investimento-poupan{\c{c}}a-funding em economias abertas},
  author={Resende, Marco Fl{\'a}vio da Cunha},
  journal={Brazilian Journal of Political Economy},
  volume={28},
  pages={136--154},
  year={2008},
  publisher={SciELO Brasil}
}

% DE CARVALHO, Fernando J. Cardim. On the nature and role of financial systems in Keynes’s entrepreneurial economies. Journal of Post Keynesian Economics, v. 39, n. 3, p. 287-307, 2016.
@article{carvalho2016nature,
  title={On the nature and role of financial systems in Keynes’s entrepreneurial economies},
  author={Carvalho, Fernando J Cardim de},
  journal={Journal of Post Keynesian Economics},
  volume={39},
  number={3},
  pages={287--307},
  year={2016},
  publisher={Taylor \& Francis}
}

% MINSKY, Hyman P. Estabilizando uma economia instável. Novo Século, 2010.

% DE CARVALHO, Fernando J. Cardim. Financial innovation and the Post Keynesian approach to the “process of capital formation”. Journal of Post Keynesian Economics, v. 19, n. 3, p. 461-487, 1997.
@article{carvalho1997financial,
  title={Financial innovation and the Post Keynesian approach to the “process of capital formation”},
  author={Carvalho, Fernando J Cardim de},
  journal={Journal of Post Keynesian Economics},
  volume={19},
  number={3},
  pages={461--487},
  year={1997},
  publisher={Taylor \& Francis}
}

% KEYNES, John Maynard. The" ex-ante" theory of the rate of interest. The Economic Journal, v. 47, n. 188, p. 663-669, 1937.
@article{keynes1937ex,
  title={The" ex-ante" theory of the rate of interest},
  author={Keynes, John Maynard},
  journal={The Economic Journal},
  volume={47},
  number={188},
  pages={663--669},
  year={1937},
  publisher={JSTOR}
}

% DAVIDSON, Paul (Ed.). Post Keynesian macroeconomic theory. Edward Elgar Publishing, 2011.
@book{davidson2011post,
  title={Post Keynesian macroeconomic theory},
  author={Davidson, Paul},
  year={2011},
  publisher={Edward Elgar Publishing}
}



%%%%%%%%%%%%%%%%%%%%%%%%%%%%%
%%%%%%%%%%%%%%%%%%%%%%%%%%%%% HIPOTESE DA FRAGILIDADE FINANCEIRA
%%%%%%%%%%%%%%%%%%%%%%%%%%%

%Minsky, H. P. (1977). The financial instability hypothesis: An interpretation of Keynes and an alternative to “standard” theory. Challenge, 20(1), 20-27.

@article{minsky1977financial,
  title={The financial instability hypothesis: An interpretation of Keynes and an alternative to “standard” theory},
  author={Minsky, Hyman P},
  journal={Challenge},
  volume={20},
  number={1},
  pages={20--27},
  year={1977},
  publisher={Taylor \& Francis}
}



% MINSKY, Hyman P. The financial instability hypothesis. In: In Handbook of Radical Political. 1993.
@inproceedings{minsky1993financial,
  title={The financial instability hypothesis},
  author={Minsky, Hyman P},
  booktitle={In Handbook of Radical Political},
  year={1993},
  organization={Citeseer}
}

% MINSKY PH D, Hyman P. The Modeling of Financial Instability: An Introduction. 1974.
@article{minsky1974modeling,
  title={The Modeling of Financial Instability: An Introduction},
  author={Minsky, Hyman P},
  year={1974}
}

% MINSKY, Hyman. Can it happen again?: Essays on instability and finance. Routledge, 2016.
@book{minsky2016can,
  title={Can it happen again?: Essays on instability and finance},
  author={Minsky, Hyman},
  year={2016},
  publisher={Routledge}
}

% NIKOLAIDI, Maria et al. Banking System and Financial Fragility in a Post Keynesian Model. In: 13th Conference of the Research Network on Macroeconomics and Macroeconomic Policies, The World Economy in Crisis–The Return of Keynesians, Berlin-Germany. 2019. p. 30-31.
@inproceedings{nikolaidi2019banking,
  title={Banking System and Financial Fragility in a Post Keynesian Model},
  author={Nikolaidi, Maria and others},
  booktitle={13th Conference of the Research Network on Macroeconomics and Macroeconomic Policies, The World Economy in Crisis--The Return of Keynesians, Berlin-Germany},
  pages={30--31},
  year={2019}
}

% TORRES FILHO, Ernani Teixeira; MARTINS, Norberto Montani; MIAGUTI, Caroline Yukari. Minsky’s financial fragility: an empirical analysis of electricity distribution firms in Brazil (2007–2015). Journal of Post Keynesian Economics, v. 42, n. 1, p. 144-168, 2019.
@article{torres2019minsky,
  title={Minsky’s financial fragility: an empirical analysis of electricity distribution firms in Brazil (2007--2015)},
  author={Torres, Ernani Teixeira Filho and others},
  journal={Journal of Post Keynesian Economics},
  volume={42},
  number={1},
  pages={144--168},
  year={2019},
  publisher={Taylor \& Francis}
}

% IVAN, Rozmainsky; TATYANA, Rodionova. The financial fragility hypothesis and the debt crisis in Italy in the 2010s. Terra Economicus, v. 19, n. 1, p. 6-16, 2021.
@article{ivan2021financial,
  title={The financial fragility hypothesis and the debt crisis in Italy in the 2010s},
  author={Ivan, Rozmainsky and Tatyana, Rodionova},
  journal={Terra Economicus},
  volume={19},
  number={1},
  pages={6--16},
  year={2021},
  publisher={Terra Economicus}
}

% QI, Chaoying; JUNIPER, James; ZHANG, James Xiaohe. " Minsky Moment" and financial fragility: The case of China. The journal of developing areas, v. 49, n. 6, p. 279-291, 2015.
@article{qi2015minsky,
  title={"Minsky Moment" and financial fragility: The case of China},
  author={Qi, Chaoying and others},
  journal={The journal of developing areas},
  volume={49},
  number={6},
  pages={279--291},
  year={2015},
  publisher={Tennessee State University College of Business}
}

% MINSKY, Hyman P. Suggestions for a cash flow oriented bank examination. In: Proceedings of a Conference on Bank Structure and Competition. Chicago: Federal Reserve Bank of Chicago. 1975. p. 150-84.
@inproceedings{minsky1975suggestions,
  title={Suggestions for a cash flow oriented bank examination},
  author={Minsky, Hyman P},
  booktitle={Proceedings of a Conference on Bank Structure and Competition. Chicago: Federal Reserve Bank of Chicago},
  pages={150--84},
  year={1975}
}

% MINSKY, Hyman P. Longer waves in financial relations: financial factors in the more severe depressions. The American Economic Review, p. 324-335, 1964.
@article{minsky1964longer,
  title={Longer waves in financial relations: financial factors in the more severe depressions},
  author={Minsky, Hyman P},
  journal={The American Economic Review},
  pages={324--335},
  year={1964},
  publisher={JSTOR}
}

% MINSKY, Hyman P. Longer waves in financial relations: financial factors in the more severe depressions II. Journal of Economic Issues, v. 29, n. 1, p. 83-96, 1995.
@article{minsky1995longer,
  title={Longer waves in financial relations: financial factors in the more severe depressions II},
  author={Minsky, Hyman P},
  journal={Journal of Economic Issues},
  volume={29},
  number={1},
  pages={83--96},
  year={1995},
  publisher={Taylor \& Francis}
}

% NISHI, Hiroshi. An empirical contribution to Minsky’s financial fragility: evidence from non-financial sectors in Japan. Cambridge Journal of Economics, v. 43, n. 3, p. 585-622, 2019.
@article{nishi2019empirical,
  title={An empirical contribution to Minsky’s financial fragility: evidence from non-financial sectors in Japan},
  author={Nishi, Hiroshi},
  journal={Cambridge Journal of Economics},
  volume={43},
  number={3},
  pages={585--622},
  year={2019},
  publisher={Oxford University Press UK}
}


% MINSKY, Hyman P. The evolution of financial institutions and the performance of the economy. Journal of Economic Issues, v. 20, n. 2, p. 345-353, 1986.
@article{minsky1986evolution,
  title={The evolution of financial institutions and the performance of the economy},
  author={Minsky, Hyman P},
  journal={Journal of Economic Issues},
  volume={20},
  number={2},
  pages={345--353},
  year={1986},
  publisher={Taylor \& Francis}
}

% SCHUMPETER, Joseph; BACKHAUS, Ursula. The theory of economic development. In: Joseph Alois Schumpeter. Springer, Boston, MA, 2003. p. 61-116.
@incollection{schumpeter2003theory,
  title={The theory of economic development},
  author={Schumpeter, Joseph and Backhaus, Ursula},
  booktitle={Joseph Alois Schumpeter},
  pages={61--116},
  year={2003},
  publisher={Springer}
}



%%%%%%%%%%%%%%%%%%%%%%%%%%%%%
%%%%%%%%%%%%%%%%%%%%%%%%%%%%% O IMPACTO DA CONCENTRAÇÃO BANCÁRIA NA ECONOMIA
%%%%%%%%%%%%%%%%%%%%%%%%%%%%%

% OREIRO, José Luís. Preferência pela liquidez, racionamento de crédito e concentração bancária uma nova teoria pós-keynesiana da firma bancária. Estudos Econômicos (São Paulo), v. 35, p. 101-131, 2005.
@article{oreiro2005preferencia,
  title={Prefer{\^e}ncia pela liquidez, racionamento de cr{\'e}dito e concentra{\c{c}}{\~a}o banc{\'a}ria uma nova teoria p{\'o}s-keynesiana da firma banc{\'a}ria},
  author={Oreiro, Jos{\'e} Lu{\'\i}s},
  journal={Estudos Econ{\^o}micos (S{\~a}o Paulo)},
  volume={35},
  pages={101--131},
  year={2005},
  publisher={SciELO Brasil}
}

% BIKKER, Jacob A.; GERRITSEN, Dirk F. Determinants of interest rates on time deposits and savings accounts: Macro factors, bank risk, and account features. International Review of Finance, v. 18, n. 2, p. 169-216, 2018.
@article{bikker2018determinants,
  title={Determinants of interest rates on time deposits and savings accounts: Macro factors, bank risk, and account features},
  author={Bikker, Jacob A and Gerritsen, Dirk F},
  journal={International Review of Finance},
  volume={18},
  number={2},
  pages={169--216},
  year={2018},
  publisher={Wiley Online Library}
}

% AL-TANBOUR, Khalid Najeh; AWAD-WARRAD, Talib Mohammad. The Impact of Banking Concentration on Investment and Economic Growth in Jordan. International Journal of Economics and Financial Issues, v. 11, n. 1, p. 71, 2021.
@article{al2021impact,
  title={The Impact of Banking Concentration on Investment and Economic Growth in Jordan},
  author={Al-Tanbour, Khalid Najeh and Awad-Warrad, Talib Mohammad},
  journal={International Journal of Economics and Financial Issues},
  volume={11},
  number={1},
  pages={71},
  year={2021},
  publisher={EconJournals}
}

% POSHAKWALE, Sunil S.; QIAN, Binsheng. Competitiveness and efficiency of the banking sector and economic growth in Egypt. African development review, v. 23, n. 1, p. 99-120, 2011.
@article{poshakwale2011competitiveness,
  title={Competitiveness and efficiency of the banking sector and economic growth in Egypt},
  author={Poshakwale, Sunil S and Qian, Binsheng},
  journal={African development review},
  volume={23},
  number={1},
  pages={99--120},
  year={2011},
  publisher={Wiley Online Library}
}

% CLAESSENS, Stijn; LAEVEN, Luc. Financial development, property rights, and growth. the Journal of Finance, v. 58, n. 6, p. 2401-2436, 2003.
@article{claessens2003financial,
  title={Financial development, property rights, and growth},
  author={Claessens, Stijn and Laeven, Luc},
  journal={the Journal of Finance},
  volume={58},
  number={6},
  pages={2401--2436},
  year={2003},
  publisher={Wiley Online Library}
}


% BIKKER, Jacob A.; BOS, Jaap WB. Competição e eficiência bancária: comparações internacionais. Modelagem Econômico-Financeira , v. 12, n. 3, pág. 103-148, 2005.
@article{bikker2005competition,
  title={Competition and efficiency in banking: international comparisons},
  author={Bikker, Jacob A and Bos, Jaap WB},
  journal={Economic and Financial Modelling},
  volume={12},
  number={3},
  pages={103--148},
  year={2005}
}

% DEIDDA, L.; FATTOUH, B. Concentration in the banking industry and economic growth. Macroeconomic Dynamics, v. 9, n. 2, p. 198-219, 2005
@article{deidda2005concentration,
  title={Concentration in the banking industry and economic growth},
  author={Deidda, Luca and Fattouh, Bassam},
  journal={Macroeconomic Dynamics},
  volume={9},
  number={2},
  pages={198--219},
  year={2005},
  publisher={Cambridge University Press}
}

% FIONA, Tregenna. An empirical investigation of the effects of concentration on profitability among US banks. 2006.
@article{fiona2006empirical,
  title={An empirical investigation of the effects of concentration on profitability among US banks},
  author={Fiona, Tregenna},
  year={2006}
}

% MALAWI, Ahmad Ibrahim; BADER, Majed. The impact of interest rate on investment in Jordan: a cointegration analysis. J King Abdulaziz Univ Econ Admin, v. 105, p. 1-26, 2010.
@article{malawi2010impact,
  title={The impact of interest rate on investment in Jordan: a cointegration analysis},
  author={Malawi, Ahmad Ibrahim and Bader, Majed},
  journal={J King Abdulaziz Univ Econ Admin},
  volume={105},
  pages={1--26},
  year={2010}
}

% MUHAMMAD, Sulaiman D. et al. Rate of Interest and its Impact on Investment to the Extent of Pakistan. Pakistan Journal of Commerce and Social Sciences (PJCSS), v. 7, n. 1, p. 91-99, 2013.
@article{muhammad2013rate,
  title={Rate of Interest and its Impact on Investment to the Extent of Pakistan},
  author={Muhammad, Sulaiman D and Lakhan, Ghulam Rasool and Zafar, Saba and Noman, Muhammad},
  journal={Pakistan Journal of Commerce and Social Sciences (PJCSS)},
  volume={7},
  number={1},
  pages={91--99},
  year={2013},
  publisher={Lahore: Johar Education Society, Pakistan (JESPK)}
}

% COCCORESE, Paolo. Banking competition and economic growth. In: Handbook of competition in banking and finance. Edward Elgar Publishing, 2017. p. 230-263.
@incollection{coccorese2017banking,
  title={Banking competition and economic growth},
  author={Coccorese, Paolo},
  booktitle={Handbook of competition in banking and finance},
  pages={230--263},
  year={2017},
  publisher={Edward Elgar Publishing}
}

% ANJOS, C. A. D. Os impactos do crédito bancário no crescimento econômico do Brasil de 2011 a 2019. Orientador: Prof. Dr. Álvaro Alves de Moura Junior. Dissertação (Mestrado) – Programa de Mestrado Profissional em Economia e Mercados. Universidade Presbiteriana Mackenzie. São Paulo. 2021.
@article{anjos2021impactos,
  title={Os impactos do crédito bancário no crescimento econômico do Brasil de 2011 a 2019},
  author={Anjos, Clayton Anacleto dos},
  year={2021},
  publisher={Universidade Presbiteriana Mackenzie}
} 

% BECK, Thorsten; DEMIRGÜÇ-KUNT, Asli; LEVINE, Ross. Bank concentration, competition, and crises: First results. Journal of banking & finance, v. 30, n. 5, p. 1581-1603, 2006.
@article{beck2006bank,
  title={Bank concentration, competition, and crises: First results},
  author={Beck, Thorsten and others},
  journal={Journal of banking \& finance},
  volume={30},
  number={5},
  pages={1581--1603},
  year={2006},
  publisher={Elsevier}
}

% BITTENCOURT, Wanderson Rocha et al. Estudo sobre a evolução da concentração do setor bancário no Brasil e da taxa de juros. Revista de Gestão, Finanças e Contabilidade, v. 5, n. 3, p. 05-25, 2015.
@article{bittencourt2015estudo,
  title={Estudo sobre a evolu{\c{c}}{\~a}o da concentra{\c{c}}{\~a}o do setor banc{\'a}rio no Brasil e da taxa de juros},
  author={Bittencourt, Wanderson Rocha and Paim, Jaqueline Vilela Ara{\'u}jo and da Cunha, Jacqueline Veneroso Alves and Nascimento, Eduardo Mendes},
  journal={Revista de Gest{\~a}o, Finan{\c{c}}as e Contabilidade},
  volume={5},
  number={3},
  pages={05--25},
  year={2015}
}

% DE HAAN, Jakob; POGHOSYAN, Tigran. Bank size, market concentration, and bank earnings volatility in the US. Journal of International Financial Markets, Institutions and Money, v. 22, n. 1, p. 35-54, 2012.
@article{de2012bank,
  title={Bank size, market concentration, and bank earnings volatility in the US},
  author={De Haan, Jakob and Poghosyan, Tigran},
  journal={Journal of International Financial Markets, Institutions and Money},
  volume={22},
  number={1},
  pages={35--54},
  year={2012},
  publisher={Elsevier}
}

% PRUTEANU-PODPIERA, Anca; WEILL, Laurent; SCHOBERT, Franziska. Banking competition and efficiency: A micro-data analysis on the Czech banking industry. In: Global banking crises and emerging markets. Palgrave Macmillan, London, 2016. p. 52-74.
@incollection{pruteanu2016banking,
  title={Banking competition and efficiency: A micro-data analysis on the Czech banking industry},
  author={Pruteanu-Podpiera, Anca and others},
  booktitle={Global banking crises and emerging markets},
  pages={52--74},
  year={2016},
  publisher={Springer}
}

% BARRELL, Ray; KARIM, Dilruba. Banking concentration and financial crises. National Institute Economic Review, v. 254, p. R28-R40, 2020.
@article{barrell2020banking,
  title={Banking concentration and financial crises},
  author={Barrell, Ray and Karim, Dilruba},
  journal={National Institute Economic Review},
  volume={254},
  pages={R28--R40},
  year={2020},
  publisher={Cambridge University Press}
}

% DE NICOLÒ, Gianni et al. Bank consolidation, internationalization, and conglomeration: Trends and implications for financial risk. Internationalization, and Conglomeration: Trends and Implications for Financial Risk, 2004.
@article{de2004bank,
  title={Bank consolidation, internationalization, and conglomeration: Trends and implications for financial risk},
  author={De Nicol{\`o}, Gianni and Bartholomew, Philip and Zaman, Jahanara and Zephirin, Mary},
  journal={Internationalization, and Conglomeration: Trends and Implications for Financial Risk},
  year={2004}
}

% BOYD, John H.; DE NICOLO, Gianni. The theory of bank risk taking and competition revisited. The Journal of finance, v. 60, n. 3, p. 1329-1343, 2005.
@article{boyd2005theory,
  title={The theory of bank risk taking and competition revisited},
  author={Boyd, John H and De Nicolo, Gianni},
  journal={The Journal of finance},
  volume={60},
  number={3},
  pages={1329--1343},
  year={2005},
  publisher={Wiley Online Library}
}

% SHIJAKU, Gerti. Does concentration matter for bank stability? Evidence from the Albanian banking sector. Journal of Central Banking Theory and Practice, v. 6, n. 3, p. 67-94, 2017.
@article{shijaku2017does,
  title={Does concentration matter for bank stability? Evidence from the Albanian banking sector},
  author={Shijaku, Gerti},
  journal={Journal of Central Banking Theory and Practice},
  volume={6},
  number={3},
  pages={67--94},
  year={2017},
  publisher={Warsaw: De Gruyter Open}
}

% KASMAN, Saadet; KASMAN, Adnan. Bank competition, concentration and financial stability in the Turkish banking industry. Economic Systems, v. 39, n. 3, p. 502-517, 2015.
@article{kasman2015bank,
  title={Bank competition, concentration and financial stability in the Turkish banking industry},
  author={Kasman, Saadet and Kasman, Adnan},
  journal={Economic Systems},
  volume={39},
  number={3},
  pages={502--517},
  year={2015},
  publisher={Elsevier}
}

% BEN ALI, Mohamed Sami; INTISSAR, Timoumi; ZEITUN, Rami. Banking concentration and financial stability. New evidence from developed and developing countries. Eastern Economic Journal, v. 44, n. 1, p. 117-134, 2018.
@article{ben2018banking,
  title={Banking concentration and financial stability. New evidence from developed and developing countries},
  author={Ben Ali, Mohamed Sami and others },
  journal={Eastern Economic Journal},
  volume={44},
  number={1},
  pages={117--134},
  year={2018},
  publisher={Springer}
}

% BRETSCHGER, Lucas; KAPPEL, Vivien; WERNER, Therese. Market concentration and the likelihood of financial crises. Journal of Banking & Finance, v. 36, n. 12, p. 3336-3345, 2012.
@article{bretschger2012market,
  title={Market concentration and the likelihood of financial crises},
  author={Bretschger, Lucas and others},
  journal={Journal of Banking \& Finance},
  volume={36},
  number={12},
  pages={3336--3345},
  year={2012},
  publisher={Elsevier}
}
















%%%%%%%%%%%%%%%%%%%%%%%%%%%%%
%%%%%%%%%%%%%%%%%%%%%%%%%%%%%
%%%%%%%%%%%%%%%%%%%%%%%%%%%%%
%%%%%%%%%%%%%%%%%%%%%%%%%%%%% ARTIGO 02
%%%%%%%%%%%%%%%%%%%%%%%%%%%%%
%%%%%%%%%%%%%%%%%%%%%%%%%%%%%
%%%%%%%%%%%%%%%%%%%%%%%%%%%%%
%%%%%%%%%%%%%%%%%%%%%%%%%%%%%






%%%%%%%%%%%%%%%%%%%%%%%%%%%%%
%%%%%%%%%%%%%%%%%%%%%%%%%%%%% REVISÃO DA LITERATURA
%%%%%%%%%%%%%%%%%%%%%%%%%%%%%





% TRAN, Son; NGUYEN, Dat; NGUYEN, Liem. Concentration, capital, and bank stability in emerging and developing countries. Borsa Istanbul Review, v. 22, n. 6, p. 1251-1259, 2022.

@article{tran2022concentration,
  title={Concentration, capital, and bank stability in emerging and developing countries},
  author={Tran, Son and Nguyen, Dat and Nguyen, Liem},
  journal={Borsa Istanbul Review},
  volume={22},
  number={6},
  pages={1251--1259},
  year={2022},
  publisher={Elsevier}
}


% CALICE, Pietro; LEONIDA, Leone; MUZZUPAPPA, Eleonora. Concentration-stability vs concentration-fragility. New cross-country evidence. Journal of International Financial Markets, Institutions and Money, v. 74, p. 101411, 2021.

@article{calice2021concentration,
  title={Concentration-stability vs concentration-fragility. New cross-country evidence},
  author={Calice, Pietro and Leonida, Leone and Muzzupappa, Eleonora},
  journal={Journal of International Financial Markets, Institutions and Money},
  volume={74},
  pages={101411},
  year={2021},
  publisher={Elsevier}
}





%%%%%%%%%%%%%%%%%%%%%%%%%%%%%
%%%%%%%%%%%%%%%%%%%%%%%%%%%%% METODOLOGIA
%%%%%%%%%%%%%%%%%%%%%%%%%%%%%






% MAIA, Paulo Roberto Bastos. Análise Comparativa da Previsão de Demanda de Energia Elétrica Industrial no Período Pós-Crise: Uma Aplicação dos Modelos VAR e BVAR. Pontifícia Universidade Católica, 2011.

@article{maia2011analise,
  title={An{\'a}lise Comparativa da Previs{\~a}o de Demanda de Energia El{\'e}trica Industrial no Per{\'\i}odo P{\'o}s-Crise: Uma Aplica{\c{c}}{\~a}o dos Modelos VAR e BVAR},
  author={Maia, Paulo Roberto Bastos},
  journal={Pontif{\'\i}cia Universidade Cat{\'o}lica},
  year={2011}
}

% D. Kwiatkowski, P. C. B. Phillips, P. Schmidt, and Y. Shin (1992): Testing the Null Hypothesis of Stationarity against the Alternative of a Unit Root. Journal of Econometrics 54, 159–178.
@article{kwiatkowski1992testing,
  title={Testing the null hypothesis of stationarity against the alternative of a unit root: How sure are we that economic time series have a unit root?},
  author={Kwiatkowski, Denis and Phillips, Peter CB and Schmidt, Peter and Shin, Yongcheol},
  journal={Journal of econometrics},
  volume={54},
  number={1-3},
  pages={159--178},
  year={1992},
  publisher={Elsevier}
}

% DICKEY, David A.; FULLER, Wayne A. Distribution of the estimators for autoregressive time series with a unit root. Journal of the American statistical association, v. 74, n. 366a, p. 427-431, 1979.
@article{dickey1979distribution,
  title={Distribution of the estimators for autoregressive time series with a unit root},
  author={Dickey, David A and Fuller, Wayne A},
  journal={Journal of the American statistical association},
  volume={74},
  number={366a},
  pages={427--431},
  year={1979},
  publisher={Taylor \& Francis}
}

% SAID, Said E.; DICKEY, David A. Testing for unit roots in autoregressive-moving average models of unknown order. Biometrika, v. 71, n. 3, p. 599-607, 1984.
@article{said1984testing,
  title={Testing for unit roots in autoregressive-moving average models of unknown order},
  author={Said, Said E and Dickey, David A},
  journal={Biometrika},
  volume={71},
  number={3},
  pages={599--607},
  year={1984},
  publisher={Oxford University Press}
}

% PERRON, Pierre. Trends and random walks in macroeconomic time series: Further evidence from a new approach. Journal of economic dynamics and control, v. 12, n. 2-3, p. 297-332, 1988.
@article{perron1988trends,
  title={Trends and random walks in macroeconomic time series: Further evidence from a new approach},
  author={Perron, Pierre},
  journal={Journal of economic dynamics and control},
  volume={12},
  number={2-3},
  pages={297--332},
  year={1988},
  publisher={Elsevier}
}

% ELLIOTT, Graham; ROTHENBERG, Thomas J.; STOCK, James H. Efficient tests for an autoregressive unit root. 1992.
@misc{elliott1992efficient,
  title={Efficient tests for an autoregressive unit root},
  author={Elliott, Graham and Rothenberg, Thomas J and Stock, James H},
  year={1992},
  publisher={National Bureau of Economic Research Cambridge, Mass., USA}
}

% DE MATTOS, Rogério Silva. Tendências e Raízes Unitárias. Texto Didático, 2018.

@article{de2018tendencias,
  title={Tend{\^e}ncias e Ra{\'\i}zes Unit{\'a}rias},
  author={de Mattos, Rog{\'e}rio Silva},
  journal={Texto Did{\'a}tico},
  year={2018}
}

% HANCK, Christoph et al. Introduction to Econometrics with R. University of Duisburg-Essen, p. 1-9, 2019.

@article{hanck2019introduction,
  title={Introduction to Econometrics with R},
  author={Hanck, Christoph and Arnold, Martin and Gerber, Alexander and Schmelzer, Martin},
  journal={University of Duisburg-Essen},
  pages={1--9},
  year={2019}
}

% DE JESUS JÚNIOR, Luciano Alves; DE LIMA, João Ricardo F. Avaliação da influência de variáveis climáticas sobre a evapotranspiração. 2011.

@article{de2011avaliaccao,
  title={Avalia{\c{c}}{\~a}o da influ{\^e}ncia de vari{\'a}veis clim{\'a}ticas sobre a evapotranspira{\c{c}}{\~a}o.},
  author={de Jesus J{\'u}nior, Luciano Alves and de Lima, Jo{\~a}o Ricardo F},
  year={2011},
  publisher={In: ESCOLA DE MODELOS DE REGRESS{\~A}O, 12., 2011, Fortaleza.[Anais~…}
}

% Enders,  W.  (2004). Applied Econometrics Time Series. John Wiley & Sons Inc.

@article{enders2004applied,
  title={Applied Econometrics Time Series},
  author={Enders, Walter},
  journal={John Wiley & Sons Inc},
  year={2004}
}

% BUENO, Rodrigo de Losso da Silveira; INHASZ, Juliana. Econometria de séries temporais: manual de soluções. Cengage Learning, 2011.

@book{bueno2011econometria,
  title={Econometria de s{\'e}ries temporais: manual de solu{\c{c}}{\~o}es},
  author={Bueno, Rodrigo de Losso da Silveira and Inhasz, Juliana},
  year={2011},
  publisher={Cengage Learning}
}

% PHILLIPS, Peter CB; DURLAUF, Steven N. Multiple time series regression with integrated processes. The Review of Economic Studies, v. 53, n. 4, p. 473-495, 1986.

@article{phillips1986multiple,
  title={Multiple time series regression with integrated processes},
  author={Phillips, Peter CB and Durlauf, Steven N},
  journal={The Review of Economic Studies},
  volume={53},
  number={4},
  pages={473--495},
  year={1986},
  publisher={Wiley-Blackwell}
}

% LÜTKEPOHL, Helmut. New introduction to multiple time series analysis. Springer Science & Business Media, 2005.

@book{lutkepohl2005new,
  title={New introduction to multiple time series analysis},
  author={L{\"u}tkepohl, Helmut},
  year={2005},
  publisher={Springer Science \& Business Media}
}

% TIAO, George C.; BOX, George EP. Modeling multiple time series with applications. journal of the American Statistical Association, v. 76, n. 376, p. 802-816, 1981.

@article{tiao1981modeling,
  title={Modeling multiple time series with applications},
  author={Tiao, George C and Box, George EP},
  journal={journal of the American Statistical Association},
  volume={76},
  number={376},
  pages={802--816},
  year={1981},
  publisher={Taylor \& Francis}
}

% GUJARATI, Damodar N.; PORTER, Dawn C. Econometria básica-5. Amgh Editora, 2011.

@book{gujarati2011econometria,
  title={Econometria b{\'a}sica-5},
  author={Gujarati, Damodar N and Porter, Dawn C},
  year={2011},
  publisher={Amgh Editora}
}

% SIMS, Christopher A. Macroeconomics and reality. Econometrica: journal of the Econometric Society, p. 1-48, 1980.

@article{sims1980macroeconomics,
  title={Macroeconomics and reality},
  author={Sims, Christopher A},
  journal={Econometrica: journal of the Econometric Society},
  pages={1--48},
  year={1980},
  publisher={JSTOR}
}

% TABAK, Benjamin Miranda; GUERRA, Solange Maria; DE SOUZA PEÑALOZA, Rodrigo Andrés. Banking concentration and the price-concentration relationship: the case of Brazil. International Journal of Accounting and Finance, v. 1, n. 4, p. 415-435, 2009.

@article{tabak2009banking,
  title={Banking concentration and the price-concentration relationship: the case of Brazil},
  author={Tabak, Benjamin Miranda and Guerra, Solange Maria and de Souza Pe{\~n}aloza, Rodrigo Andr{\'e}s},
  journal={International Journal of Accounting and Finance},
  volume={1},
  number={4},
  pages={415--435},
  year={2009},
  publisher={Inderscience Publishers}
}

% DE SOUZA, Jorge; DE SOUZA PEÑALOZA, Rodrigo A. Teoria Dual das Medidas de Concentração. 2005.
@article{de2005teoria,
  title={Teoria Dual das Medidas de Concentra{\c{c}}{\~a}o},
  author={de Souza, Jorge and de Souza Pe{\~n}aloza, Rodrigo A},
  year={2005}
}

% Canova, Fabio, and Bruce E. Hansen. "Are seasonal patterns constant over time? A test for seasonal stability." Journal of Business & Economic Statistics 13.3 (1995): 237-252.

@article{canova1995seasonal,
  title={Are seasonal patterns constant over time? A test for seasonal stability},
  author={Canova, Fabio and Hansen, Bruce E},
  journal={Journal of Business \& Economic Statistics},
  volume={13},
  number={3},
  pages={237--252},
  year={1995},
  publisher={Taylor \& Francis}
}

% DA SILVA, Napoleão Luiz Costa; ZILBERMAN, Eduardo. Impactos macroeconômicos da expansão do crédito no Brasil: o período 2001-2011. Texto para Discussão, 2017.

@techreport{da2017impactos,
  title={Impactos macroecon{\^o}micos da expans{\~a}o do cr{\'e}dito no Brasil: o per{\'\i}odo 2001-2011},
  author={da Silva, Napole{\~a}o Luiz Costa and Zilberman, Eduardo},
  year={2017},
  institution={Texto para Discuss{\~a}o}
}



%%%%%%%%%%%%%%%%%%%%%%%%%%%%%
%%%%%%%%%%%%%%%%%%%%%%%%%%%%% RESULTADOS
%%%%%%%%%%%%%%%%%%%%%%%%%%%%%



% Canova, Fabio, and Bruce E. Hansen. "Are seasonal patterns constant over time? A test for seasonal stability." Journal of Business & Economic Statistics 13.3 (1995): 237-252.

@article{canova1995seasonal,
  title={Are seasonal patterns constant over time? A test for seasonal stability},
  author={Canova, Fabio and Hansen, Bruce E},
  journal={Journal of Business \& Economic Statistics},
  volume={13},
  number={3},
  pages={237--252},
  year={1995},
  publisher={Taylor \& Francis}
}

% SUN, Lixin. Quantifying the effects of financialization and leverage in China. The Chinese Economy, v. 51, n. 3, p. 209-226, 2018.

@article{sun2018quantifying,
  title={Quantifying the effects of financialization and leverage in China},
  author={Sun, Lixin},
  journal={The Chinese Economy},
  volume={51},
  number={3},
  pages={209--226},
  year={2018},
  publisher={Taylor \& Francis}
}


@article{santin2017influencia,
  title={Influência do crescimento do endividamento das empresas brasileiras com o PIB e a taxa de investimento no período de 2008 a 2014},
  author={Santin, Keli Regina and Scapinello, Edson Jacinto},
  journal={Congresso internacional de Administração},
  year={2017}
}

% VERNER, Emil. Private debt booms and the real economy: do the benefits outweigh the costs?. Available at SSRN 3441608, 2019.

@article{verner2019private,
  title={Private debt booms and the real economy: do the benefits outweigh the costs?},
  author={Verner, Emil},
  journal={Available at SSRN 3441608},
  year={2019}
}








%%%%%%%%%%%%%%%%%%%%%%%%%%%%%
%%%%%%%%%%%%%%%%%%%%%%%%%%%%% ELEMEMNTOS TEORICOS
%%%%%%%%%%%%%%%%%%%%%%%%%%%%%

% LOPES, Herton Castiglioni. O Setor calçadista do Vale dos Sinos/RS: um estudo a partir do modelo Estrutura-Conduta-Desempenho. Revista de Economia, 2014.
@article{lopes2014setor,
  title={O Setor cal{\c{c}}adista do Vale dos Sinos/RS: um estudo a partir do modelo Estrutura-Conduta-Desempenho},
  author={Lopes, Herton Castiglioni},
  journal={Revista de Economia},
  year={2014},
  publisher={Universidade Federal do Paran{\'a}}
}

% SCARANO, Paulo Rogério; MURAMATSU, Roberta; FRANCISCHINI, Andresa Silva Neto. Modelo Estrutura-Conduta-Desempenho como esquema analítico de análises setoriais. Estudos econômicos setoriais: Máquinas e equipamentos, ferrovias, têxtil e calçados, p. 13-24, 2019.
@article{scarano2019modelo,
  title={Modelo Estrutura-Conduta-Desempenho como esquema anal{\'\i}tico de an{\'a}lises setoriais},
  author={Scarano, Paulo Rog{\'e}rio and Muramatsu, Roberta and Francischini, Andresa Silva Neto},
  journal={Estudos econ{\^o}micos setoriais: M{\'a}quinas e equipamentos, ferrovias, t{\^e}xtil e cal{\c{c}}ados},
  pages={13--24},
  year={2019}
}

% LOPES, Herton Castiglioni. O modelo estrutura-conduta-desempenho e a teoria evolucionária neoschumpeteriana: uma proposta de integração teórica. Revista de economia contemporânea, v. 20, p. 336-358, 2016.
@article{lopes2016modelo,
  title={O modelo estrutura-conduta-desempenho e a teoria evolucion{\'a}ria neoschumpeteriana: uma proposta de integra{\c{c}}{\~a}o te{\'o}rica},
  author={Lopes, Herton Castiglioni},
  journal={Revista de economia contempor{\^a}nea},
  volume={20},
  pages={336--358},
  year={2016},
  publisher={SciELO Brasil}
}

% BAIN, Joe S. Barriers to new competition. In: Barriers to New Competition. Harvard University Press, 2013.
@incollection{bain2013barriers,
  title={Barriers to new competition},
  author={Bain, Joe S},
  booktitle={Barriers to New Competition},
  year={2013},
  publisher={Harvard University Press}
}

% MASON, Edward S. Price and production policies of large-scale enterprise. The American economic review, v. 29, n. 1, p. 61-74, 1939.
@article{mason1939price,
  title={Price and production policies of large-scale enterprise},
  author={Mason, Edward S},
  journal={The American economic review},
  volume={29},
  number={1},
  pages={61--74},
  year={1939},
  publisher={JSTOR}
}

%%%%%%%%%%%%%%%%%%%%%%%%%%%%%
%%%%%%%%%%%%%%%%%%%%%%%%%%%%% METODOLOGIA
%%%%%%%%%%%%%%%%%%%%%%%%%%%%%

% MILLER, John H.; PAGE, Scott. Complex adaptive systems. In: Complex Adaptive Systems. Princeton university press, 2009.
@incollection{miller2009complex,
  title={Complex adaptive systems},
  author={Miller, John H and Page, Scott},
  booktitle={Complex Adaptive Systems},
  year={2009},
  publisher={Princeton university press}
}

% WILENSKY, Uri; RAND, William. An introduction to agent-based modeling: modeling natural, social, and engineered complex systems with NetLogo. Mit Press, 2015.
@book{wilensky2015introduction,
  title={An introduction to agent-based modeling: modeling natural, social, and engineered complex systems with NetLogo},
  author={Wilensky, Uri and Rand, William},
  year={2015},
  publisher={Mit Press}
}

% ALALIYAT, Saleh. A comparison of the usefulness of agent-based and system dynamics models in some cases where this question naturally occurs. 2019.
@article{alaliyat2019comparison,
  title={A comparison of the usefulness of agent-based and system dynamics models in some cases where this question naturally occurs},
  author={Alaliyat, Saleh},
  year={2019}
}


% TERRANOVA, Roberta; TURCO, Enrico M. Concentration, stagnation and inequality: An agent-based approach. Journal of Economic Behavior & Organization, v. 193, p. 569-595, 2022.
@article{terranova2022concentration,
  title={Concentration, stagnation and inequality: An agent-based approach},
  author={Terranova, Roberta and Turco, Enrico M},
  journal={Journal of Economic Behavior \& Organization},
  volume={193},
  pages={569--595},
  year={2022},
  publisher={Elsevier}
}

% TEIXEIRA, Henrique Oliveira. Bank networks and firm credit: an agent based model approach. 2016. Tese de Doutorado.
@phdthesis{teixeira2016bank,
  title={Bank networks and firm credit: an agent based model approach},
  author={Teixeira, Henrique Oliveira},
  year={2016}
}

% CATULLO, Ermanno. Early Warning Indicator for Crises in an Agent-Based Macromodel. In: Introduction to Agent-Based Economics. Academic Press, 2017. p. 105-124.
@incollection{catullo2017early,
  title={Early Warning Indicator for Crises in an Agent-Based Macromodel},
  author={Catullo, Ermanno},
  booktitle={Introduction to Agent-Based Economics},
  pages={105--124},
  year={2017},
  publisher={Elsevier}
}

% HOLMBERG, Ulf. The Credit Market and the Determinants of CreditCrunches: An Agent Based Modeling Approach. 2012.
@article{holmberg2012credit,
  title={The Credit Market and the Determinants of CreditCrunches: An Agent Based Modeling Approach},
  author={Holmberg, Ulf},
  year={2012}
}

% RICCETTI, Luca; RUSSO, Alberto; GALLEGATI, Mauro. AD-AS Representation of Macroeconomic Emergent Properties. In: Introduction to Agent-Based Economics. Academic Press, 2017. p. 65-86.
@incollection{riccetti2017ad,
  title={AD-AS Representation of Macroeconomic Emergent Properties},
  author={Riccetti, Luca and Russo, Alberto and Gallegati, Mauro},
  booktitle={Introduction to Agent-Based Economics},
  pages={65--86},
  year={2017},
  publisher={Elsevier}
}



% LIMA, Joaquim Ignacio Alves de Vasconcellos. Um arcabouço computacional para estudo do setor bancário através de modelos baseados em agentes. 2014.
@article{lima2014arcaboucco,
  title={Um arcabou{\c{c}}o computacional para estudo do setor banc{\'a}rio atrav{\'e}s de modelos baseados em agentes},
  author={Lima, Joaquim Ignacio Alves de Vasconcellos},
  year={2014}
}

% PUTRIANI, Diyah; GHANI, Gairuzazmi Mat; KARTIWI, Mira. Exploration of Agent-Based simulation: the multiplier effect of zakah on economic growth. Journal of Islamic Monetary Economics and Finance, v. 6, n. 3, p. 667-688, 2020.
@article{putriani2020exploration,
  title={Exploration of Agent-Based simulation: the multiplier effect of zakah on economic growth},
  author={Putriani, Diyah and Ghani, Gairuzazmi Mat and Kartiwi, Mira},
  journal={Journal of Islamic Monetary Economics and Finance},
  volume={6},
  number={3},
  pages={667--688},
  year={2020}
}

% TEIXEIRA, Lucas Oliveira. Análise da concentração de mercado do setor bancário brasileiro. 2020.
@article{teixeira2020analise,
  title={An{\'a}lise da concentra{\c{c}}{\~a}o de mercado do setor banc{\'a}rio brasileiro.},
  author={Teixeira, Lucas Oliveira},
  year={2020}
}


%%%%%%%%%%%%%%%%%%%%%%%%%%%%%
%%%%%%%%%%%%%%%%%%%%%%%%%%%%% METODOLOGIA
%%%%%%%%%%%%%%%%%%%%%%%%%%%%%


% BERGER, Thomas. Agent‐based spatial models applied to agriculture: a simulation tool for technology diffusion, resource use changes and policy analysis. Agricultural economics, v. 25, n. 2‐3, p. 245-260, 2001.
@article{berger2001agent,
  title={Agent-based spatial models applied to agriculture: a simulation tool for technology diffusion, resource use changes and policy analysis},
  author={Berger, Thomas},
  journal={Agricultural economics},
  volume={25},
  number={2-3},
  pages={245--260},
  year={2001},
  publisher={Wiley Online Library}
}























% -------------------------------------

% NETO, Alcino F. Câmara; VERNENGO, Matias. Fiscal policy and the Washington consensus: a Post Keynesian perspective. Journal of Post Keynesian Economics, v. 27, n. 2, p. 333-343, 2004.
@article{neto2004fiscal,
  title={Fiscal policy and the Washington consensus: a Post Keynesian perspective},
  author={Neto, Alcino F C{\^a}mara and Vernengo, Matias},
  journal={Journal of Post Keynesian Economics},
  volume={27},
  number={2},
  pages={333--343},
  year={2004},
  publisher={Taylor \& Francis}
}



% OLIVEIRA, Wagner da Silva. Competitividade e concentração no sistema financeiro nacional. O papel do estado e as principais formulações estratégicas privadas no processo de reestruturação dos bancos.
@article{oliveira2002competitividade,
  title={Competitividade e concentra{\c{c}}{\~a}o no sistema financeiro nacional. O papel do estado e as principais formula{\c{c}}{\~o}es estrat{\'e}gicas privadas no processo de reestrutura{\c{c}}{\~a}o dos bancos},
  author={Oliveira, Wagner da Silva},
  year={2002},
  school={Universidade Federal da Bahia}
}

% PAULA, Luiz Fernando Rodrigues de. Tamanho, dimensão e concentração do sistema bancário no contexto de alta e baixa inflação no Brasil. Nova Economia, v. 8, n. 1, p. 87-116, 1998.
@article{paula1998tamanho,
  title={Tamanho, dimens{\~a}o e concentra{\c{c}}{\~a}o do sistema banc{\'a}rio no contexto de alta e baixa infla{\c{c}}{\~a}o no Brasil},
  author={Paula, Luiz Fernando Rodrigues de},
  journal={Nova Economia},
  volume={8},
  number={1},
  pages={87--116},
  year={1998},
  publisher={Economics Department, Universidade Federal de Minas Gerais (Brazil)}
}

% KRETZER, Jucelio et al. Os efeitos das fusões e incorporações na estrutura do mercado bancário brasileiro: 1964-1984. 1996. Tese de Doutorado. Universidade Federal de Santa Catarina, Centro Tecnologico.
@phdthesis{kretzer1996efeitos,
  title={Os efeitos das fus{\~o}es e incorpora{\c{c}}{\~o}es na estrutura do mercado banc{\'a}rio brasileiro: 1964-1984},
  author={Kretzer, Jucelio},
  year={1996},
  school={Universidade Federal de Santa Catarina, Centro Tecnologico.}
}


% ANJOS, C. A. D. Os impactos do crédito bancário no crescimento econômico do Brasil de 2011 a 2019. Orientador: Prof. Dr. Álvaro Alves de Moura Junior. Dissertação (Mestrado) – Programa de Mestrado Profissional em Economia e Mercados. Universidade Presbiteriana Mackenzie. São Paulo. 2021.

@article{anjos2021impactos,
  title={Os impactos do crédito bancário no crescimento econômico do Brasil de 2011 a 2019},
  author={Anjos, Clayton Anacleto dos},
  year={2021},
  publisher={Universidade Presbiteriana Mackenzie}
}


% ALMEIDA, D. B. C. Bancos e Concentração de Crédito no Brasil: 1995-2004. Orientador: Prof. Dr. Frederico G. Jayme Jr. Dissertação (Mestrado) – Centro de Desenvolvimento e Planejamento Regional da Faculdade de Ciências Econômicas (CEDEPLAR). Universidade Federal de Minas Gerais (UFMG). Minas Gerais. 2007.

@phdthesis{almeida2007bancos,
  title={Bancos e Concentra{\c{c}}{\~a}o de Cr{\'e}dito no Brasil: 1995-2004.},
  author={Almeida, Daniel Bruno de Castro},
  year={2007},
  school={Disserta{\c{c}}{\~a}o de Mestrado, 2007. 90p}
}


% BAIN, J. S. Industrial organization. New York: John Wiley, 1968

@book{bain1968industrial,
  title={Industrial organization},
  author={Bain, Joe Staten},
  year={1968},
  publisher={New York{\:} Wiley}
}


% CASTILHO, A. M. D. Competição e Concentração bancária no Brasil. Orientador: Prof. Dr. Luiz Roberto Calado. Dissertação (Mestrado) – Pós-Graduação do Mestrado Profissional em Administração do Centro Universitário Alves Faria (UNIALFA). Centro Universitário Alves Faria (Unialfa). Goiânia. 2019
@article{castilho2019competiccao,
  title={COMPETI{\c{C}}{\~A}O E CONCENTRA{\c{C}}{\~A}O BANC{\'A}RIA NO BRASIL},
  author={Castilho, Alexandre Melo de},
  year={2019},
  publisher={Centro Universitario}
}



% KUPFER, David; HASENCLEVER Lia, (Orgs.). Economia industrial, fundamentos teóricos e práticas no Brasil. Rio de Janeiro: Campus, 2012.

@book{kupfer2013economia,
  title={Economia industrial: fundamentos teóricos e práticas no Brasil},
  author={Kupfer, David and others},
  year={2013},
  publisher={Elsevier}
}




% SCHERER, F.M.; ROSS, D. Industrial  market structure and economic performance. 3 ed. Chicago: Raud Mc Nally & Co, 1990.

@article{scherer1990industrial,
  title={Industrial market structure and economic performance},
  author={Scherer, Frederic M and Ross, David},
  journal={University of Illinois at Urbana-Champaign's Academy for entrepreneurial leadership historical research reference in entrepreneurship},
  year={1990}
}

% Aidar, Gabriela Lima. "A decisão do investimento pós-keynesiana: teoria e aplicação." (2019).

@article{aidar2019decisao,
  title={A decis{\~a}o do investimento p{\'o}s-keynesiana: teoria e aplica{\c{c}}{\~a}o},
  author={Aidar, Gabriela Lima and others},
  year={2019},
  publisher={Universidade Federal de Uberl{\^a}ndia}
}

% Verner, E. (2019). Private debt booms and the real economy: do the benefits outweigh the costs?. Available at SSRN 3441608.
@article{verner2019private,
  title={Private debt booms and the real economy: do the benefits outweigh the costs?},
  author={Verner, Emil},
  journal={Available at SSRN 3441608},
  year={2019}
}

% SHKVARCHUK, Lyudmyla; SLAV’YUK, Rostyslav. Households’ Credit Demand: Main Trends and Characteristics for Ukraine. Banks and Bank Systems, v. 16, n. 3, p. 13-22, 2021.
@article{shkvarchuk2021private,
  title={Private Debt and Economic Growth: Trends and Characteristics for Ukraine},
  author={Shkvarchuk, Lyudmyla and Slav’yuk, Rostyslav},
  journal={Journal of Lviv Polytechnic National University},
  volume={5},
  number={1},
  pages={112--120},
  year={2021},
  publisher={Founder and Publisher Lviv Polytechnic National University}
}

% DADEJ, Mateusz. Agent‐based modelling of macroeconomic shocks in a banking sector. Zeszyty Studenckie Wydziału Ekonomicznego „Nasze Studia”, n. 10, p. 9-22, 2020.

@article{dadej2020agent,
  title={Agent-based modelling of macroeconomic shocks in a banking sector},
  author={Dadej, Mateusz},
  journal={Zeszyty Studenckie Wydzia{\l}u Ekonomicznego „Nasze Studia”},
  number={10},
  pages={9--22},
  year={2020},
  publisher={Uniwersytet Gda{\'n}ski}
}



% CHAN-LAU, Mr Jorge A. ABBA: An agent-based model of the banking system. International Monetary Fund, 2017.

@book{chan2017abba,
  title={ABBA: An agent-based model of the banking system},
  author={Chan-Lau, Mr Jorge A},
  year={2017},
  publisher={International Monetary Fund}
}

% KHAN, Waseem Ahmad; SATTAR, Abdul. Impact of interest rate changes on the profitability of four major commercial banks in Pakistan. International journal of accounting and financial reporting, v. 4, n. 1, p. 142, 2014.

@article{khan2014impact,
  title={Impact of interest rate changes on the profitability of four major commercial banks in Pakistan},
  author={Khan, Waseem Ahmad and Sattar, Abdul},
  journal={International journal of accounting and financial reporting},
  volume={4},
  number={1},
  pages={142},
  year={2014},
  publisher={Macrothink Institute Inc.}
}

%  PENG, Wensheng et al. The impact of interest rate shocks on the performance of the banking sector. HKMA Quarterly Bulletin, v. 35, n. 20, p. 20-27, 2003.

@article{peng2003impact,
  title={The impact of interest rate shocks on the performance of the banking sector},
  author={Peng, Wensheng and Lai, Kitty and Leung, Frank and Shu, Chang},
  journal={HKMA Quarterly Bulletin},
  volume={35},
  number={20},
  pages={20--27},
  year={2003}
}
